2875 5075
18 782 20 805 ,
129 714 263 799 negotiis
282 710 415 799 grassari
433 710 592 777 stilorum
615 714 785 776 civitatum
808 712 842 774 in
862 710 1020 775 industria
1046 713 1153 796 Ροῑὶιιι

129 846 225 913 quam
244 828 277 891 iu
299 826 441 890 moribus
469 826 582 912 quaeri
606 824 815 891 contendunt.
860 825 973 911 lleque
997 825 1155 891 lleusdius

18 982 42 1035 ³,
127 940 226 1005 altero
256 950 330 1005 ante
357 940 479 1004 obitum
510 960 593 1005 anno
622 962 640 1003 a
668 960 793 1003 morum
816 938 959 1003 bonitate
994 940 1154 1025 Europam

127 1066 266 1120 nostram
299 1054 391 1119 valde
428 1054 587 1135 laudavit,
613 1050 638 1141 ¹)
674 1064 707 1118 et
735 1052 811 1118 dein
842 1053 1044 1121 Godofredus
1073 1056 1154 1119 ller-

18 1166 19 1187 ¹
126 1180 259 1233 mannus
278 1168 312 1231 io
328 1180 472 1254 tempora
491 1168 609 1233 haecce
626 1168 782 1233 acerrime
800 1167 946 1233 invectus
965 1168 1038 1233 fuit.
1057 1164 1084 1254 ²)
1112 1168 1154 1233 lu

123 1274 240 1346 lacrum
260 1318 296 1331 -
318 1282 481 1368 inquis-
501 1259 651 1368 plerique¹
681 1294 756 1346 sunt
788 1281 968 1346 laudatores
1002 1283 1154 1367 temporis

18 1476 19 1485 ἵ
126 1396 189 1461 acti
201 1396 255 1461 l·-
272 1396 306 1459 Si
323 1390 439 1473 essent,
449 1396 521 1481 plus
535 1392 642 1461 umen
655 1396 863 1459 emolumenti
877 1394 1042 1474 fflerrent,
1056 1416 1155 1482 quam

18 1526 19 1529 ’
125 1510 243 1575 assidui
267 1510 319 1573 isti
340 1520 466 1574 nostrae
499 1510 625 1574 virtutis
655 1521 687 1573 et
716 1509 838 1595 gloriae
859 1530 1052 1595 praecones,
1075 1510 1153 1595 qui,

124 1644 227 1711 quum
249 1634 395 1710 aegrotos
415 1626 446 1687 in
469 1624 706 1709 persuasionem
729 1624 870 1712 sanitatis
897 1623 1038 1702 ducant,
1072 1624 1155 1687 viam

18 1716 19 1741 i
125 1738 166 1803 ad
192 1738 360 1803 sanitatem
392 1733 619 1824 praecludunt.
665 1737 824 1823 Equidem
850 1738 982 1825 minim
1008 1738 1153 1817 affirmo,

126 1854 285 1917 nemiuem
305 1872 398 1937 supra
419 1872 528 1916 verum
546 1854 659 1939 queri3
685 1851 740 1935 sed
765 1851 825 1915 doe
853 1855 959 1917 tamen
976 1852 1151 1939 plurimum

18 2022 19 2027 ,
125 1968 246 2053 negligi
275 1968 410 2052 opinor,
442 1988 543 2054 quum
570 1988 626 2032 uos
657 1987 761 2053 aeque
786 1966 894 2031 animo
908 1977 1007 2053 atque
1023 1966 1154 2052 iugenio

18 2106 19 2129 ÷
120 2080 267 2145 homines
294 2083 410 2161 simus,
444 2102 508 2146 non
531 2076 744 2160 alterutrum,
762 2081 871 2145 'misso
896 2082 1017 2159 altero,
1043 2100 1153 2143 verum

18 2258 20 2285 ἦ
124 2207 301 2281 utrumque
333 2196 452 2281 pariter
489 2196 594 2259 excoli
623 2206 783 2281 oportere.
830 2196 1006 2281 Utriusque
1046 2204 1155 2259 autem

19 2390 23 2404 ι
124 2308 278 2375 dissensio
290 2310 467 2390 malorum,
490 2331 718 2396 quaecumque
739 2308 867 2374 tandem
884 2309 1017 2395 publice
1035 2320 1068 2373 et
1086 2308 1152 2393 pri-

18 2482 19 2511 ,
124 2423 221 2487 vatim
239 2423 397 2509 gliscunt,
422 2424 491 2489 fons
508 2435 555 2488 est
573 2426 777 2509 praecipuus.
824 2422 910 2505 Quid
931 2424 1038 2501 etaim,
1065 2424 1091 2486 si
1112 2443 1151 2488 ex

123 2559 200 2602 roro
228 2539 327 2601 nostri
366 2547 506 2602 amantes
543 2559 671 2616 sumus,
691 2531 796 2600 'extra
829 2537 1032 2622 quaerimus,
1066 2534 1153 2622 quod

122 2653 157 2714 in
186 2661 293 2714 nostra
322 2651 470 2734 ipsorum*
492 2650 674 2715 conditione
698 2650 837 2736 positum
866 2650 940 2715 esti
973 2650 1154 2715 Facultates

125 2776 247 2830 nostras
279 2765 457 2828 arctissimo
494 2764 623 2829 vinculo
655 2764 764 2848 junxit
790 2763 993 2829 Providentia
1016 2763 1150 2843 Divina3

112 2875 185 2943 'hoc
226 2897 401 2964 numquam
434 2879 501 2942 siue
532 2876 698 2964 dispendio
727 2899 787 2943 suo
820 2879 942 2964 rumpit
965 2877 1081 2960 homo;
1120 2890 1153 2943 et

126 2991 414 3079 quemadmodum,
434 2993 569 3078 ‘ingenio
591 2993 773 3078 culparum
793 2995 844 3058 vel
860 2995 978 3078 partim
1000 2994 1149 3074 exculto,

126 3129 188 3171 non
212 3127 285 3171 eum
311 3107 366 3170 ille
392 3105 500 3192 prodit
526 3108 687 3193 vigorem,
721 3108 776 3171 cui
802 3107 882 3170 nihil
909 3108 1039 3194 pusilli,
1070 3107 1151 3172 nihil
1244 3125 1247 3130 ·

127 3221 356 3308 superstitiosi,
390 3219 470 3284 nihil
498 3220 639 3307 denique
660 3243 678 3284 a
696 3222 818 3284 ratione
841 3220 1150 3284 alieni'adhaereat:

124 3319 187 3414 ita,
211 3335 362 3421 igniculis
387 3335 540 3399 uirtutum
561 3355 622 3399 non
652 3333 896 3420 diligentissime
916 3333 1094 3411 suscitatis,
1118 3353 1152 3396 se

126 3450 245 3535 cogitat
263 3469 382 3528 unum,
406 3457 547 3535 suusque
574 3448 634 3514 sibi
659 3448 744 3514 Deus
770 3447 824 3528 iit,
848 3458 945 3535 atque
963 3446 1004 3513 ad
1024 3469 1058 3513 se
1077 3447 1152 3533 qui-

126 3562 200 3626 dem
221 3583 264 3628 eo·
281 3563 380 3649 magis
408 3564 513 3628 omnia
540 3565 659 3644 relert,
684 3584 750 3650 quo
771 3565 805 3628 in
825 3563 947 3651 ingenii
962 3561 1151 3645 excellentia
1196 3554 1198 3559 ’

127 3785 326 3796 --·-——-—-

161 3921 188 3984 1)
207 3925 254 3974 or.
275 3939 335 3972 osor
359 3923 403 3972 last
423 3924 554 3986 doop‘eoso
574 3922 621 3972 dea
641 3923 729 3991 colleg.
749 3939 775 3990 p.
792 3922 835 3973 51.
853 3923 898 3974 Gt.
925 3923 1044 3973 cumea.
1065 3923 1149 3986 pn'm.

128 4011 230 4060 Psilos.
250 4017 299 4059 ost.
313 4027 340 4075 p.
351 4007 410 4059 245.

160 4092 187 4158 2)
207 4097 275 4145 Orat.
291 4097 322 4143 io
337 4097 425 4144 tertiis
439 4097 524 4144 aceris
544 4095 706 4144 anulos-idos
725 4101 841 4159 receptos
856 4110 874 4142 o
891 4093 994 4142 metim
1006 4092 1151 4157 [ἐρείσας’-

127 4181 175 4229 los
189 4181 341 4245 reformatos
359 4197 406 4246 por
415 4182 559 4231 Maronem
573 4181 713 4232 Latlseauss
725 4181 879 4248 roligionis,
888 4195 954 4244 quae
967 4181 1049 4239 exsut
1058 4179 1150 4244 ΟΜ.

126 4267 191 4328 v11,
212 4263 269 4324 ara.
