2875 5075
767 532 903 611 14¹

270 700 443 788 aliqnando
481 714 513 765 et
550 701 772 785 obstupuisse:
810 700 897 765 baud
927 700 1059 786 quidem
1087 721 1161 767 enm
1189 708 1295 786 potatas

269 837 393 895 amare,
411 826 499 879 certe
515 815 707 879 recentiores
723 815 865 879 Latinos:
883 814 938 879 sed
955 815 1102 901 antiquos
1118 816 1152 877 in
1163 836 1297 880 succum

268 942 300 993 et
319 931 506 1015 sanguinem
529 930 677 993 vertisse:
709 929 875 993 Platonem
897 950 972 993 rero
988 927 1157 1008 admirari,
1194 930 1295 995 subli-

268 1065 351 1107 mem
371 1042 613 1129 philosopbum‚
629 1042 799 1107 sublimem
813 1043 931 1127 pariter
942 1050 1090 1127 postam,
1113 1043 1298 1129 intelligere

267 1169 374 1221 autem
402 1158 495 1223 illum
523 1158 682 1221 neminem
706 1156 889 1238 mortalium
909 1156 1023 1243 magis.
1040 1158 1132 1221 *In
1151 1158 1220 1237 bis,
1252 1159 1297 1223 ait

267 1271 447 1350 Heusdius,
478 1270 580 1336 *dictis
610 1282 724 1351 erant,
759 1278 844 1357 quae
870 1292 935 1335 non
965 1273 1119 1336 continuo
1146 1294 1296 1359 asseque-

268 1407 336 1449 rer:
369 1396 441 1451 nam
470 1385 621 1473 equidem
645 1385 871 1451 devoraveram
899 1392 1026 1470 postam
1058 1384 1115 1449 sed
1143 1386 1231 1473 qnod
1256 1386 1297 1451 de

268 1500 398 1565 Platone
423 1520 633 1585 acceperam,
667 1500 731 1566 hoc
755 1500 889 1563 memori
914 1510 1047 1585 pectore
1071 1500 1295 1567 recondebam.

268 1614 418 1689 Placebat
438 1615 521 1679 enim
538 1613 591 1679 bic
603 1614 682 1679 mibi
694 1614 917 1693 vehomenter,
941 1615 1190 1702 necquidquam
1202 1626 1296 1702 opta-

267 1728 341 1795 bant
372 1729 490 1813 magis,
524 1749 621 1814 quam
646 1738 683 1791 ut
711 1728 782 1793 talis
807 1728 886 1793 mihi
902 1729 1084 1817 obtingeret
1102 1730 1201 1813 dirim
1223 1730 1296 1816 pbi-

267 1841 391 1927 losophi
414 1844 588 1928 interpres,
621 1842 727 1929 qualis
746 1842 851 1907 adhuc
872 1843 1038 1929 obtigisset
1052 1852 1221 1930 poctarum
1238 1864 1296 1909 ve-

268 1969 371 2021 terum
393 1968 426 2021 at
440 1955 733 2043 recentiorum.»¹)
1090 2005 1095 2017 .
1226 2012 1232 2021 .
1296 2032 1298 2040 Α

211 2065 217 2072 ’
311 2073 446 2137 ineunte
478 2092 585 2137 mensa
614 2071 748 2137 Octobri
774 2095 804 2138 a.
839 2074 923 2138 1797
938 2072 1111 2138 ,fleusdius
1137 2074 1295 2139 dmstelo-

268 2186 397 2271 damqm
416 2186 524 2266 venit,
548 2198 642 2251 notus
663 2187 799 2266 nemini,
823 2186 979 2274 nullaque
995 2209 1050 2272 spe
1067 2189 1136 2253 fore
1154 2199 1192 2251 ut
1206 2189 1296 2251 brevi

268 2321 342 2365 cum
360 2301 547 2386 aequalibus
569 2300 725 2366 amicitias
746 2302 911 2388 jungeret.
945 2302 1036 2365 Nam
1050 2301 1173 2366 civibus
1195 2302 1296 2367 Athe·

1414 1297 1417 1464 l

1414 2013 1417 2072 w

268 2414 339 2482 nasi
367 2414 473 2478 variae
499 2435 538 2478 eo
565 2421 710 2500 temporo
729 2414 862 2482 deerant
879 2415 1151 2501 opportunitates,
1177 2418 1296 2503 quibus
1416 2471 1417 2502 ,

267 2529 423 2594 bonarum
435 2529 552 2596 artium
564 2529 695 2595 studiosi
705 2528 859 2596 facillime
871 2526 1064 2617 copulantur
1070 2530 1297 2619 rationumque
1416 2521 1417 2543 ἶ

268 2643 516 2710 necessitudines
534 2644 736 2710 contrahunt.
769 2645 842 2723 Illi,
867 2645 1174 2711 Amstelodamenees
1191 2647 1296 2732 pleri-

268 2777 349 2843 que,
375 2767 607 2843 parontumqne
629 2755 766 2842 hospitio
786 2770 930 2838 utentes,
953 2761 988 2824 in
1008 2781 1140 2825 suorum
1156 2762 1296 2848 quisquo
1416 2746 1417 2839 l

268 2882 527 2958 cognatorumzet
545 2871 751 2935 familiarium
770 2872 898 2937 circulis
918 2875 1181 2960 acquiescebant3
1199 2885 1248 2956 et,
1269 2877 1294 2940 si
1416 2846 1417 2897 f

269 2985 391 3049 sodales
406 2985 578 3050 inviserent
592 3007 610 3050 a
626 2986 734 3070 pueris
749 2986 914 3052 incedam
930 2987 1012 3052 urbo
1027 2988 1180 3053 educatos
1198 3000 1230 3054 et
1244 2992 1294 3055 in-⁴

269 3101 411 3192 stitutos,
443 3111 584 3178 exteros,
616 3101 956 3184 praestantissimorum
988 3102 1143 3167 Athenaei
1180 3105 1294 3168 trium·
1416 3090 1417 3125 l

270 3216 428 3293 virorum,
465 3213 644 3293 Swindeni,
675 3212 935 3300 Wyttenbachii,
964 3216 1085 3296 Crassi,
1119 3215 1203 3282 fama
1228 3218 1293 3283 huc

268 3326 402 3392 subinde
430 3329 577 3406 allectos,
602 3336 690 3392 entra
717 3328 841 3394 scholas
860 3326 1077 3395 Professorum
1093 3330 1215 3395 tamdiu
1241 3333 1291 3397 rir

269 3439 441 3520 curabant,
461 3440 615 3525 quamdiu
632 3442 827 3507 contrarium
846 3444 1110 3530 operaepretium
1130 3445 1292 3512 essehaud

209 3634 216 3640 ,
268 3556 462 3620 constiterat.
526 3555 581 3618 His
618 3556 662 3620 ita
699 3558 904 3643 comparatis,
940 3558 1102 3628 fortunam
1134 3560 1293 3627 Heusdius

267 3668 435 3732 fautricem
456 3666 586 3747 habuit,
615 3690 698 3754 quae
720 3670 832 3735 eodem
850 3671 950 3735 fmme
966 3683 1109 3757 temporo
1131 3673 1292 3738 Dordraco

267 3780 536 3847 dmstelodamum
556 3783 708 3849 attulerat
727 3783 829 3849 bonae
851 3787 918 3872 spei
924 3785 1076 3868 juvenem
1093 3789 1131 3854 Α.
1147 3789 1186 3856 A.
1205 3788 1292 3852 Stra-

267 3907 387 3963 tenum.
413 3896 516 3962 Ambo
538 3895 694 3978 advenae,
717 3879 796 3964 socii
820 3899 1063 3981 difficultatum,
1081 3925 1154 3970 mox
1167 3901 1292 3968 dextras

267 4117 464 4134 -ιι-ο-ι--ι-ὴιᾳ--μ

301 4252 336 4318 1),
346 4257 429 4320 Epire
450 4257 485 4309 ad
501 4259 593 4306 Orsus.
607 4275 634 4322 p.
652 4257 677 4310 3.
