2875 5075
598 525 658 587 175

17 690 19 725 ³
101 709 134 761 et
164 696 227 761 hoe
253 716 384 785 quoque
411 697 539 761 nomine
563 698 598 760 in
622 698 724 761 altera
743 698 876 762 veniunt
895 698 996 782 liujus
1026 702 1130 785 operis

101 810 251 877 editione.
276 811 432 877 Credebat
441 811 598 881 Heusdius
610 862 618 892 ,
631 811 787 897 principia
798 815 950 898 antiquae
959 814 1049 878 illius
1058 813 1131 899 plri-

99 924 264 1010 losophiae
277 925 461 1012 eoquidem
482 924 576 990 modo
589 928 726 991 ulterius
743 924 895 1011 explicita
901 938 933 989 et
940 926 980 990 ad
990 940 1130 992 nostram

65 1048 67 1050 ’
100 1038 316 1106 oonditionem
347 1040 605 1120 accommodata,
641 1062 707 1127 quo
737 1040 832 1105 modo
848 1042 929 1126 ipse
956 1052 1131 1129 utrumque

100 1164 294 1234 tentaverat,
329 1174 441 1220 noram
472 1176 564 1240 posse
591 1156 713 1219 artibus
734 1154 978 1245 disciplinisque
1009 1166 1041 1219 et
1072 1179 1131 1241 per

18 1304 19 1307 κ
101 1289 151 1331 eas
169 1268 292 1333 homiui
303 1268 405 1333 veluti
422 1271 519 1333 vitam
538 1269 724 1337 coneiliare.
748 1272 977 1338 Verumtamen
992 1281 1131 1334 erunt-

100 1381 204 1465 ajebat
223 1420 264 1442 -,
289 1383 346 1469 qui
368 1382 450 1447 liareo
478 1384 638 1469 principia
670 1385 779 1470 magni
804 1384 883 1449 host
908 1384 1128 1462 aestimantes,

102 1498 279 1583 excogitata
304 1509 412 1561 tamen
427 1497 820 1586 aphilosoplsisdioant,
846 1499 964 1585 quibus
982 1497 1131 1583 proiecto

101 1634 164 1683 uon
187 1612 282 1677 detur
300 1634 445 1677 errorum
467 1634 534 1677 esse
550 1613 758 1679 immunibus
790 1615 830 1679 Et
853 1612 1130 1698 hao'po'tissimum

100 1725 140 1789 de
152 1727 307 1793 oausailli
320 1776 328 1806 ,
337 1726 404 1810 jam
416 1726 539 1793 dudum
550 1728 709 1814 suspicata
722 1727 833 1791 eadem
845 1728 1007 1813 principia
1022 1728 1057 1791 in
1067 1727 1129 1789 li‘u-

101 1842 171 1927 guis
192 1844 323 1929 quoque
342 1843 496 1921 inveniri,
521 1864 586 1929 qno
602 1843 669 1928 ipsa
693 1854 827 1907 naturae
841 1842 967 1926 judicio
990 1842 1131 1908 firmaret

100 1968 133 2021 et
147 1960 324 2043 'tamquam
356 1958 493 2042 sopiret,
517 1957 674 2043 'placebat
701 1957 756 2021 ese
785 1978 822 2022 ea
851 1978 926 2023 cum
954 1957 1130 2021 lectoribus

100 2070 265 2156 indagare.
280 2067 306 2158 ¹)
339 2070 386 2135 lle
405 2082 567 2158 tempore,
593 2094 657 2160 quo
679 2074 713 2135 in
738 2071 822 2136 hano
850 2071 1000 2137 ineiderit
1026 2073 1130 2157 suspi-

101 2185 247 2265 cionem,
270 2186 338 2271 ipse
361 2186 452 2251 nobis
483 2208 591 2251 anuos.
611 2186 756 2275 indicare
782 2185 909 2251 ridetur
932 2186 1130 2272 conscripto·

17 2366 18 2369 ,
99 2320 172 2363 rum
194 2300 389 2365 Initiorssm
409 2312 440 2365 ot
457 2300 759 2387 Empolopoeds'ae.
772 2297 800 2386 ²)
833 2300 1036 2387 Quamquam
1059 2301 1129 2386 opi·

99 2436 159 2479 nor
187 2414 355 2501 equidem,
390 2426 456 2479 tum
482 2393 650 2501 inprimis
679 2417 870 2480 maturuisse
899 2437 957 2493 ea,
990 2436 1130 2501 quorum

99 2530 258 2594 elementa
279 2529 379 2595 multo
398 2541 471 2594 ante
491 2537 682 2616 conceperat
694 2529 884 2616 coriumque
896 2530 1038 2608 foverat,
1052 2529 1129 2608 etsi,

98 2665 166 2730 quo
185 2643 341 2708 ducerent
367 2643 499 2721 eadem,
523 2665 585 2708 uon
613 2663 739 2730 semper
764 2643 824 2707 sibi
848 2643 944 2728 plane
968 2642 1127 2708 consoius.

99 2757 202 2824 Causa
222 2757 302 2822 haee
321 2770 380 2822 est.
404 2757 588 2844 Philosophi
612 2758 796 2845 linguarum
813 2757 930 2837 studii,
955 2757 1044 2844 quod
1063 2769 1128 2822 ter·

101 2874 185 2937 tium'
203 2871 304 2936 hoece
326 2870 472 2938 Senecae
486 2870 680 2938 Soerots'eoe
707 2873 857 2936 volumen
874 2872 1007 2958 probat,
1031 2874 1129 2938 vesti-

100 2989 152 3074 gia
182 2985 339 3072 quaedam
373 2987 538 3072 indaganti
567 2985 646 3050 mihi
676 2999 890 3052 occurrerunt
919 2988 1016 3074 louge
1046 2986 1128 3052 anti·

100 3101 229 3186 quioras
268 3101 305 3164 Iu
341 3101 492 3167 Oratione
511 3100 569 3165 'do
608 3098 767 3187 Antiqua
802 3101 1017 3187 Eloquentia
1050 3123 1128 3164 eum

99 3213 295 3280 decentiore
320 3229 519 3300 comparata
540 3236 568 3280 a.
603 3216 689 3280 1804
720 3213 848 3293 habita,
881 3213 982 3293 haee,
1007 3212 1128 3295 injecta

99 3330 286 3394 recentioris
315 3331 384 3394 aeri
410 3331 592 3408 mentione,
624 3328 796 3416 leguntur:
833 3329 952 3413 «Ipsae
976 3328 1126 3414 linguae,
1169 3300 1174 3322 ¹

98 3445 288 3529 pulcerrimi
318 3445 368 3508 illi
398 3444 518 3531 ingenii
540 3444 672 3508 humani
700 3444 804 3523 letus,
828 3441 940 3506 eadem
960 3441 1126 3528 diligentia

100 3559 337 3639 examinantur,
348 3558 388 3622 ad
400 3559 486 3624 idem
496 3559 695 3644 propositum
706 3557 918 3622 adhibentur:
931 3556 1126 3622 adhibentur

99 3681 262 3759 tamquam
279 3672 428 3758 specula,
448 3673 483 3736 in
500 3673 617 3759 quihus
634 3673 748 3736 mentis
763 3665 920 3737 humanae
939 3673 1133 3758 primurm-¹

99 3787 222 3867 tiones,
239 3789 359 3853 nativas
376 3787 559 3872 opiniones,
576 3787 682 3872 ipsum
699 3788 885 3872 opinionum
902 3807 1124 3874 progressum,

99 4020 295 4029 w

133 4184 159 4250 1)
179 4187 224 4238 nr.
244 4203 302 4236 over
321 4188 365 4236 lest
381 4187 511 4248 lsoosenen
527 4187 573 4236 dor
588 4189 674 4257 wp'jsg.
693 4205 718 4254 p,
738 4187 779 4237 62.

134 4270 160 4336 2)
180 4274 278 4322 Soorot.
300 4273 392 4324 Sodroi
407 4275 460 4339 111,
478 4271 495 4322 ⁷
512 4279 538 4323 et
553 4273 578 4323 8.
