2875 5075
556 545 562 557 ‘
609 534 673 597 243

128 712 242 767 entem
259 725 386 789 porum
401 704 514 769 tribui
521 755 528 784 ,
543 708 625 769 ‘raiae'
641 728 728 792 qnae
743 730 820 771 cum
836 708 989 771 osoribus
1006 713 1159 797 vitaeque

129 820 344 906 integritate·
366 832 397 882 ct
423 822 609 883 sanctitate
638 834 748 885 carent
773 824 967 908 conjuncto.
981 845 999 884 s>
1012 820 1038 909 1)
1080 826 1161 888 Nota

129 944 175 1025 est
197 933 372 996 multorum
389 935 563 1013 sententia,
583 934 702 999 nullius
721 936 816 999 facile
835 936 869 998 in
892 936 1018 1020 scriptis
1041 938 1161 1003 clarius

128 1047 299 1131 imaginem
317 1048 479 1132 scriptoris
507 1069 685 1132 expressam
707 1059 847 1128 exstare,
872 1071 968 1134 qnam
988 1052 1022 1114 in
1055 1054 1161 1137 operi·

129 1162 188 1224 bns
205 1159 347 1224 Hensdii.
378 1160 431 1225 Sic
450 1172 557 1226 autem
574 1172 766 1241 statuentes,
787 1161 865 1226 hinc
885 1162 1068 1249 effecerint,
1089 1189 1162 1230 eum

129 1278 161 1339 in
191 1275 293 1361 patria
322 1275 487 1363 diligenda
518 1298 576 1341 nec
606 1298 703 1341 coeca
737 1276 984 1344 domesticorum
1006 1300 1162 1365 quorum·

130 1392 174 1453 vis
206 1389 414 1454 admiratione
441 1412 500 1454 nec
528 1392 774 1477 peregrinorum
804 1392 1007 1479 neglectione
1031 1416 1164 1481 correp·

129 1504 339 1583 tum'iuisse,
365 1526 504 1590 eumque
529 1526 625 1588 porro
654 1526 717 1568 non
741 1505 935 1570 nostratibus
962 1518 1087 1572 tantum
1107 1509 1163 1573 sed

131 1618 246 1683 exteris
266 1619 361 1681 etiam
384 1618 511 1705 populis
537 1617 620 1681 bene
642 1618 816 1703 cupivisse,
840 1632 910 1683 tum
934 1642 1009 1685 vero
1028 1615 1163 1708 ¹ponitus

130 1724 281 1812 sensisse,
313 1734 435 1819 patriae
459 1754 599 1796 amorem
621 1732 688 1796 sine
704 1732 861 1797 libertatis
881 1734 987 1802 studio
1004 1748 1036 1800 et
1065 1737 1163 1801 liber-

130 1860 227 1915 tatem
258 1847 325 1910 sine
356 1868 409 1926 ea,
447 1868 543 1933 quam
572 1847 605 1909 in
635 1846 816 1932 Epistola}
839 1849 1018 1934 explicuit,
1045 1842 1165 1936 ariaco-

130 1958 223 2043 xelp,
248 1971 423 2047 utrumque
446 1963 514 2025 sine
543 1961 698 2047 religione
727 1982 765 2025 ac
792 1946 925 2027 venitote
944 1961 1052 2049 vigere
1074 1957 1164 2028 nullo

133 2074 228 2139 modo
250 2096 352 2161 posse.

176 2190 215 2253 Et
232 2179 309 2253 vero
338 2211 447 2253 sensus
471 2187 585 2267 hosce,
609 2190 643 2253 in
671 2192 798 2275 scriptis
823 2192 951 2269 obvios,
976 2192 1040 2255 vita
1063 2192 1163 2277 magis

131 2304 298 2391 magisque
325 2307 503 2389 exprimere
532 2302 699 2399 studebat3
732 2306 927 2391 omninoque
953 2305 1165 2371 saluberrima

131 2418 248 2484 Christi
272 2417 312 2483 ad
334 2429 437 2483 totum
457 2417 618 2482 homiuem
646 2417 878 2483 instituendum
900 2420 944 2482 vis
967 2421 1110 2505 conspici
1130 2420 1165 2482 in

107 2510 169 2597 .e⁰
185 2544 321 2621 poterat.
356 2533 439 2598 llinc
458 2555 582 2598 summa
607 2545 639 2596 et
659 2531 850 2619 philosopho
876 2532 973 2622 digna
994 2534 1163 2598 admiratio

43 2643 45 2646 ’
131 2647 234 2728 effati,
266 2650 363 2713 unius
393 2649 426 2711 in
462 2648 572 2733 paucis
600 2647 764 2710 sublimis:
794 2637 901 2710 adaco
927 2637 1030 2728 ἰσχύω
1058 2639 1164 2728 ἐντῷ

131 2749 355 2843 ἐνδυναμοῦνῑι
375 2779 417 2842 με
439 2757 585 2846 Χριστῷ.
624 2761 696 2828 Vim
717 2770 825 2824 autem
843 2759 933 2823 illam
954 2760 1011 2845 qui
1036 2761 1164 2845 penitus

130 2874 383 2960 assequebantur
398 2879 524 2960 usuque
540 2897 598 2939 suo
618 2887 834 2962 cognoverant
854 2874 1020 2960 religionis
1038 2885 1164 2941 nostrae

130 2988 303 3068 doctores,
318 2988 367 3054 his
386 2989 432 3052 vir
452 2989 649 3064 aPlatonica
668 2989 870 3075 philosophia
889 2988 929 3053 ad
950 2990 1165 3075 Euangelium
1217 3068 1223 3076 ι

132 3103 233 3189 magis
250 3101 416 3189 magisque
434 3103 664 3187 explorandum
683 3126 870 3190 progressus
887 3104 1095 3167 libentissime
1114 3105 1164 3166 in·

133 3227 251 3281 tereret
278 3217 374 3281 verba
400 3239 458 3302 pro
486 3217 642 3282 concione
663 3218 867 3283 facientibus.
912 3217 1035 3299 Quodsi
1062 3218 1095 3280 in
1125 3219 1163 3280 iis

87 3402 89 3410 y
132 3331 253 3394 rituum
272 3331 416 3395 nonnihil
442 3343 621 3416 superesset
641 3351 865 3418 nugarumque
890 3330 1164 3417 theologicarum,

132 3445 257 3510 ferebat
275 3446 316 3509 ob
338 3446 495 3531 reliquam
516 3468 626 3511 eorum
638 3447 872 3532 praestantiam.
906 3445 969 3510 Sed
986 3433 1166 3509 addideras

131 3560 165 3622 in
180 3559 270 3623 nullo
287 3558 452 3624 hominum
473 3559 584 3624 ordine
602 3547 820 3625 vehementius
837 3580 935 3646 quam
947 3561 980 3623 in
997 3581 1163 3623 sacrorum

132 3672 337 3736 Antistitibus
353 3674 569 3740 aversabatur.
604 3675 806 3760 Religionem
824 3676 899 3760 qui,
917 3675 1025 3760 pueris
1041 3682 1163 3757 aptam,

132 3787 333 3880 despiciunt,
351 3805 465 3872 parum
486 3789 514 3851 ei
534 3788 717 3876 intelligere
737 3788 946 3867 ridebantur,
972 3788 1038 3851 sine
1059 3809 1095 3851 ea
1117 3789 1163 3850 vi-

132 3913 205 3965 rum
237 3913 268 3964 et
298 3891 405 3964 senem
431 3900 500 3966 lieri
530 3923 592 3966 non
622 3925 732 3987 posse,
765 3925 861 3989 quem
887 3904 958 3966 fieri
988 3914 1163 3986 utrumqne

132 4083 235 4090 ψ..-
240 4085 339 4094 -..μ-,η-

168 4155 194 4253 l)
215 4189 300 4252 Epist.
324 4189 359 4237 cd
376 4190 467 4250 fitium
490 4191 585 4237 lanum
603 4188 747 4253 Adelpheva
772 4190 904 4256 Ceratum,
927 4189 1006 4252 hujus
1031 4188 1165 4253 praemissa

134 4274 274 4322 methica
289 4289 345 4322 mox
361 4274 517 4337 laudandae,
533 4292 556 4339 p.
578 4275 642 4323 xlv.

938 4361 994 4427 16*
