2875 5075
759 506 824 571 tls

281 678 340 744 sibi
356 679 552 765 parcendum
573 700 640 743 esse
657 680 833 760 sumtibus,
857 692 895 745 ut
912 679 1030 764 optima
1049 680 1090 745 ab
1110 683 1196 745 omni
1215 694 1310 767 parte

281 794 390 858 liberis
424 794 605 879 obtingeret
632 794 800 861 institutio.
854 795 909 858 Sic
938 794 1170 859 consentientes
1203 796 1239 857 in
1273 818 1310 859 re

282 908 484 993 gravissima,
517 906 603 971 band
636 906 865 972 dissentiebant
897 908 931 971 in
958 909 1088 973 ceteris,
1129 908 1196 972 ttisi
1223 909 1311 973 forte

280 1020 507 1088 dissensionem
524 1023 560 1085 in
579 1022 690 1107 quavis
709 1022 801 1107 ponis
821 1022 1008 1107 opinionum
1028 1022 1198 1102 varietate,
1222 1045 1311 1109 quae

280 1146 388 1199 tamen
427 1156 446 1199 a
481 1158 557 1200 sana
587 1135 762 1221 conjugum
802 1145 909 1198 mente
945 1134 1055 1199 abesse
1090 1157 1151 1200 noo
1182 1149 1311 1221 poterat

245 1308 247 1312 .
280 1270 341 1315 nec
360 1249 517 1330 debebat,
540 1249 595 1315 sed
617 1250 764 1315 salutaris
792 1250 923 1334 utrique
948 1260 1036 1329 orat,
1059 1249 1146 1336 quod
1169 1251 1310 1335 alterum

172 1388 175 1395 ·
281 1364 433 1429 attentius
461 1386 517 1443 ea,
549 1386 633 1450 quae
664 1364 796 1429 alterius
826 1363 982 1449 inprimis
1017 1364 1148 1449 propria
1170 1376 1307 1456 essent,

281 1490 426 1564 spectare
452 1488 551 1563 atque
577 1498 614 1541 ex
641 1476 691 1541 his
713 1476 871 1562 prolicere
896 1476 1043 1543 docebat.
1085 1476 1123 1541 ld
1144 1477 1309 1542 lleusdius

268 1614 374 1678 'saepe
392 1592 572 1671 fatebatur,
596 1593 649 1657 eui
660 1613 727 1679 quo
742 1591 814 1657 loco
829 1612 911 1656 uxor
926 1591 1043 1671 luerit,
1067 1592 1106 1655 iis
1121 1613 1310 1677 expressum

280 1708 376 1793 plane
405 1716 506 1771 exstat
530 1706 651 1785 serbis,
685 1705 805 1793 quibus
832 1707 901 1790 ipse
932 1726 1002 1770 eam
1028 1706 1202 1792 aliquando
1227 1706 1312 1771 dixit

280 1842 398 1885 rorum
416 1832 560 1884 suorum
579 1822 731 1885 omnium
754 1822 974 1905 participem.
986 1815 1013 1905 Ι)
1049 1819 1128 1884 llam
1145 1820 1227 1884 nibil
1250 1842 1311 1906 ap-

279 1934 414 2019 parebat
446 1933 632 2013 dividuum,
664 1933 744 1997 nihil
768 1932 856 2021 quod
881 1934 1037 1997 alteruter
1062 1934 1215 2017 suijuris
1240 1956 1311 1999 esse

280 2047 474 2133 perhiberet.
506 2050 604 2113 Erant
624 2050 658 2111 io
678 2049 725 2112 rei
750 2047 942 2111 domesticae
961 2049 1208 2134 procuratione,
1234 2050 1309 2136 qui·

280 2162 341 2226 bus
363 2184 432 2225 eam
459 2162 501 2227 ab
529 2183 628 2227 uxore
650 2182 779 2248 operam
809 2160 878 2224 dari
907 2160 1068 2246 gaudebat
1092 2164 1245 2241 maritus,
1269 2174 1309 2227 ut

281 2299 357 2355 sua,
381 2277 485 2339 minos
507 2277 638 2340 fortasse
659 2276 707 2339 vel
729 2275 866 2362 diligens
886 2276 995 2341 lutura
1014 2277 1064 2339 rel
1079 2276 1226 2356 assidua,
1249 2298 1309 2361 pa-

281 2412 354 2455 rum
374 2392 613 2476 requireretur3
638 2388 710 2469 sed,
732 2378 892 2476 quidquid
910 2389 967 2454 illa
988 2390 1054 2453 sire
1070 2390 1105 2453 in
1122 2390 1172 2455 bis
1191 2390 1256 2454 sire
1271 2374 1318 2453 in¹

280 2506 350 2572 aliis
370 2506 452 2571 ritae
468 2505 621 2593 negotiis,
646 2504 844 2591 gravioribus
865 2503 946 2568 adeo
967 2524 1073 2591 nequo
1089 2525 1162 2570 suos
1181 2485 1309 2590 iamper

280 2621 515 2707 spectantibus,
540 2619 801 2697 commendabat,
821 2617 1005 2701 jucundum
1027 2619 1095 2683 iere
1120 2618 1199 2682 huic
1219 2619 1307 2684 acci·

281 2733 393 2814 debat,
406 2756 511 2821 neque
521 2755 673 2820 umquam
685 2744 805 2798 temere
816 2732 1051 2819 negligebatur.
1074 2735 1173 2812 Nori,
1186 2733 1306 2821 quibus

280 2847 440 2912 lleusdius
463 2849 623 2912 rariorum
640 2847 872 2912 beneficiorum
890 2858 1003 2912 auctor
1024 2849 1144 2912 exstitit
1159 2847 1305 2911 libentis-

242 3015 246 3021 ,
281 2963 395 3040 simus,
411 2982 494 3048 quae
506 2971 610 3025 tamen
622 2982 698 3024 num
715 2962 774 3025 sibi
786 2961 913 3049 singula
925 2975 1112 3047 opportune
1121 2964 1156 3026 iu
1166 2973 1306 3025 mentem

281 3089 414 3142 ventura
436 3077 589 3156 luissent,
617 3075 767 3140 dubitare
783 3077 916 3143 solebat.
947 3066 1087 3142 Omnino
1106 3077 1306 3162 persuasissi-

273 3202 369 3257 'mum
389 3192 519 3278 utrique
541 3202 611 3256 erat
634 3190 674 3255 de
694 3191 849 3256 felicitate
869 3191 975 3255 suain
997 3191 1152 3256 felicitate
1173 3191 1306 3255 alterius

279 3305 394 3385 infixa,
408 3317 452 3385 et,
470 3307 578 3390 prouti
594 3303 710 3369 mulier
721 3304 946 3370 studiosissime
964 3305 1024 3368 riri
1041 3305 1216 3371 commodis
1232 3327 1306 3391 pro·

279 3419 453 3505 spiciebat,
477 3421 524 3483 sic
546 3441 584 3484 eo
605 3441 737 3505 quoqne
764 3420 857 3484 beata
882 3419 945 3484 init
970 3440 1097 3499 amore,
1121 3419 1208 3485 undo
1238 3421 1307 3505 ipsa

280 3538 340 3602 sibi
357 3536 539 3623 intelligere
557 3535 725 3602 ridebatur
743 3537 909 3622 pristinam
931 3535 990 3599 lilii
1008 3536 1043 3600 in
1069 3546 1217 3620 parentes
1238 3535 1307 3620 pie·

280 3663 388 3716 tatem.
421 3652 504 3715 llinc
519 3650 699 3716 Housdiana
718 3650 831 3716 domus
849 3649 1059 3729 concordiae,
1086 3649 1201 3714 amoris
1222 3649 1306 3734 opti·

280 3782 469 3852 morumque
491 3767 645 3831 virtutum
671 3766 918 3832 domesticarum
936 3764 1027 3829 sedes
1051 3764 1171 3828 exstitit
1190 3774 1223 3827 et
1241 3764 1306 3829 viso

279 3893 404 3965 sempor
423 3879 570 3946 omnibus
587 3880 668 3959 fuit,
692 3881 750 3966 qui
768 3901 838 3945 eam
856 3879 1033 3965 plurimum
1050 3877 1208 3944 adierunt.

283 4095 482 4104 —m

301 4235 342 4317 Ὶ1)
361 4239 487 4306 Protrspt.
510 4241 545 4289 od
563 4241 616 4290 lon.
632 4247 681 4290 ort.
701 4240 774 4292 stud.
793 4257 818 4305 p.
836 4239 861 4288 a.
