2875 5075
780 566 842 628 174

295 740 438 807 Studiosi
467 760 553 803 nuuc
575 736 887 825 Encyclopocdiom
902 736 1022 802 dehent
1043 738 1205 827 Theologi
1222 740 1321 805 Olori-

295 858 423 936 stiani,
452 853 647 917 scholarum
672 852 805 938 quidem
830 854 870 915 in
896 875 995 917 urum
1012 852 1240 934 delineatum,
1268 855 1321 920 sed

294 970 439 1047 auctius,
459 969 492 1031 ni
512 967 627 1045 lullor,
648 976 680 1030 et
692 967 727 1030 iu
744 968 905 1057 variorum
923 989 1018 1031 usum
1033 968 1206 1055 aliquando
1213 970 1322 1055 prodi·

294 1095 411 1149 turam.
453 1081 548 1164 Quod
574 1082 600 1146 si
625 1083 702 1168 qui,
731 1082 881 1168 neglecto
902 1080 964 1145 hoc
992 1080 1151 1146 editorum
1169 1084 1321 1164 consilio,

294 1218 364 1261 esm
385 1196 482 1283 paulo
501 1197 686 1262 accuratius
713 1195 874 1283 legerint,
897 1217 961 1259 uon
990 1216 1118 1291 vereor,
1144 1218 1183 1260 ne
1209 1198 1322 1261 imme-

294 1312 358 1376 rito
388 1311 551 1396 superiora
573 1311 678 1375 omnin
703 1332 793 1375 omo
816 1310 940 1396 prolata
962 1331 1029 1374 esse
1053 1320 1213 1375 censeant.
1243 1313 1323 1377 Num

294 1423 543 1512 encyclopaediu
563 1422 619 1487 hlc
636 1444 731 1489 sensu
754 1423 907 1496 παιδείας
925 1424 1104 1509 accipitur,
1126 1436 1226 1509 utque
1245 1447 1322 1490 παι-

293 1537 367 1605 driu
392 1538 587 1625 intelligitur
610 1537 772 1625 theologi,
797 1538 1016 1603 doctrinarum
1037 1560 1098 1624 ope
1115 1539 1319 1605 absolvendo.

292 1654 332 1719 Et
353 1653 483 1718 dirersis
504 1651 685 1738 theologiae
702 1653 846 1737 partibus
866 1652 1044 1718 istiusmodi
1064 1653 1197 1719 vinculo
1212 1654 1318 1734 nexis,

294 1765 381 1853 quod
414 1768 462 1831 rei
490 1777 623 1831 naturae
652 1768 748 1831 unice
769 1768 940 1831 convenire
973 1767 1117 1846 videtur,
1151 1768 1319 1853 spiritum,

292 1892 330 1945 ut
347 1882 394 1945 ita
408 1879 533 1960 dicam,
557 1892 590 1945 et
612 1880 708 1945 vitam
725 1880 808 1946 indit
824 1891 980 1966 perpetus
1004 1882 1081 1945 Je'su
1106 1856 1222 1947 Christi
1243 1904 1319 1947 cou-

292 1994 469 2081 tcmplotio.
493 1996 576 2059 llinc
591 1994 858 2080 proficiscuntur,
870 1995 911 2059 od
924 1994 1086 2060 hominem
1097 2017 1171 2061 vero
1183 1996 1320 2062 redeunt

292 2111 419 2197 singula
438 2121 469 2173 et
491 2111 645 2175 universa.
675 2111 769 2190 virs,
792 2131 877 2196 quae
895 2111 930 2173 in
950 2108 1077 2175 Christo
1094 2111 1320 2199 rigebat,quo

291 2225 387 2290 modo
409 2224 627 2291 doctrinarum
655 2246 715 2311 ope
740 2246 836 2311 quam
862 2223 1150 2309 intelligentissime
1167 2225 1319 2313 theologo

292 2338 406 2405 alendo
430 2350 462 2403 et
478 2338 614 2403 fovenda
628 2339 684 2417 sit,
703 2348 758 2416 ut,
776 2359 842 2424 quo
860 2338 928 2423 ipse
948 2336 1084 2424 flagrare
1105 2341 1267 2425 coeperit,
1282 2362 1319 2404 eo

291 2454 370 2519 alios
387 2452 502 2520 deindo
514 2475 571 2539 per
587 2451 748 2518 Christum
763 2452 915 2517 incendat
931 2452 1061 2516 sublimi
1076 2453 1220 2542 τῆςθεῴ
1228 2443 1320 2534 ὁμοι-

207 2653 217 2666 *
291 2558 403 2644 ώσεως
421 2591 543 2648 amore3
568 2568 622 2633 hic
639 2569 738 2654 igitur
763 2568 859 2633 cordo
884 2566 1028 2647 ridetur,
1058 2568 1092 2630 in
1120 2589 1189 2654 quo
1213 2569 1320 2632 omnio

290 2684 371 2764 verti
393 2683 562 2750 ceruimus.
602 2685 708 2748 Meum
736 2693 885 2763 nonest,
911 2681 1088 2769 dijudicare
1107 2682 1318 2768 opusculum3

292 2797 390 2882 quin,
411 2797 657 2883 qualiscumque
677 2795 805 2860 tandem
823 2818 894 2860 mea
913 2797 1023 2861 fuisset
1041 2796 1081 2860 de
1102 2797 1170 2880 ejus
1182 2799 1320 2862 necessi·

293 2911 405 2976 tudiue
417 2933 491 2976 cum
509 2912 593 2978 omni
613 2909 794 2975 chsdiunu
813 2910 983 2996 disciplina
998 2912 1156 2997 suspicio,
1176 2934 1217 2974 ue
1233 2911 1318 2976 hunc

291 3025 442 3112 quidem,
474 3025 507 3089 in
529 3025 887 3110 scriptorumsilentio,
914 3027 1057 3110 proferre
1082 3049 1178 3090 ausus
1204 3048 1316 3092 essem.

289 3141 352 3206 Sed
376 3163 482 3219 nuuc,
509 3161 610 3226 quum
636 3140 698 3225 ipsi
721 3138 807 3205 haud
826 3140 947 3219 minus,
973 3163 1070 3226 quam
1091 3141 1224 3219 Toxius,
1249 3142 1317 3205 cla·

290 3268 393 3334 mont,
416 3255 495 3356 quid
514 3255 567 3320 olii
591 3254 738 3320 taceant?

331 3369 638 3454 Erwyclopoediaur
656 3368 815 3435 lleusdius
833 3368 938 3433 inhac
956 3369 1100 3434 finiverat
1110 3370 1314 3456 quaestione:

288 3482 374 3563 Quid
405 3494 453 3546 est
485 3481 726 3568 metaphysica?
777 3483 937 3565 Quocirca
966 3488 1001 3548 in
1027 3484 1062 3548 id
1089 3495 1317 3571 argumentum

245 3613 251 3622 “
288 3597 382 3660 tertio
410 3595 547 3662 80100100
566 3594 760 3662 Socraticae
787 3599 947 3663 volumine
972 3599 1069 3684 paulo
1090 3611 1162 3685 post
1178 3600 1316 3684 inquisi-

288 3722 358 3775 tum
382 3711 422 3774 iri
451 3711 548 3798 vulgo
577 3712 743 3797 putabant.
787 3713 900 3799 Neque
918 3713 981 3777 hoo
999 3723 1107 3798 'neque
1125 3713 1209 3778 illud
1228 3714 1317 3779 obti-

287 3827 366 3892 nuit.
404 3827 503 3902 Num,
536 3847 638 3912 quum
663 3850 689 3890 o.
722 3829 808 3891 1836
831 3828 983 3893 ultimum
1002 3827 1124 3892 editum
1147 3824 1218 3893 crat
1239 3829 1315 3894 Ini-

288 3943 418 4005 tiorum
448 3942 615 4020 volumen,
653 3942 798 4025 proximo
830 3964 914 4008 suno
943 3943 1005 4006 tria
1036 3943 1140 4028 patrio
1168 3963 1315 4007 sermone

285 4055 474 4139 prodierunt
504 4055 702 4142 Specimirro
727 4055 947 4140 philosophos
978 4055 1243 4143 disquisitionis
1272 4060 1312 4121 io

289 4168 444 4256 linguir3
474 4191 557 4256 quse
581 4171 723 4256 primum
745 4170 914 4255 separatim
942 4171 1024 4255 typis
1054 4170 1218 4251 mandatu,
1240 4193 1313 4236 mox

286 4284 404 4349 rectius
423 4284 599 4350 dictasunt
620 4281 760 4352 Sodoloe
779 4282 974 4353 Socraticae
991 4284 1141 4350 volumen
1160 4286 1310 4365 tertium,
