2875 5075
785 516 830 577 80

291 689 376 755 unde
392 686 578 780 colligeret,
598 708 631 749 se
645 687 841 755 instituenda
852 687 1023 770 juventute
1045 706 1161 772 operae
1179 688 1320 772 pretium

290 804 397 869 facere
414 802 526 867 rideri.
573 802 772 865 Meminimus
792 800 1005 896 honorificum
1020 802 1198 886 primorum
1219 800 1317 865 disci·

292 918 444 1003 polorum
464 915 504 979 de
519 936 601 981 novo
619 916 800 981 Professum
816 914 989 997 judicium.
1010 910 1038 1000 1)
1063 916 1132 979 Hoc
1150 935 1214 978 non
1240 914 1317 977 diu·

289 1032 409 1097 tissime
427 1030 570 1116 ipsorum
589 1029 787 1095 sermonibus
810 1028 1054 1108 continebatur,
1077 1028 1132 1093 sed
1149 1050 1208 1113 pro
1228 1050 1317 1091 moro

285 1147 460 1223 juvenum,
484 1144 517 1207 in
533 1154 680 1218 neutram
692 1144 838 1228 proiecto
855 1154 978 1228 partem
995 1142 1036 1206 de
1053 1142 1317 1228 praeceptoribus

290 1260 484 1338 tacentium,
499 1258 734 1344 cumpluribus
744 1258 895 1343 deinceps
905 1256 1221 1336 communicabatur,
1237 1256 1317 1335 adeo

289 1386 326 1439 ut
336 1373 511 1457 Trajectini
528 1374 632 1451 cives,
657 1394 796 1460 quorum
805 1373 861 1437 alii
878 1370 1103 1437 aliasHeusdio
1120 1370 1251 1444 docenti
1263 1372 1317 1435 in-

289 1498 448 1567 tererant,
480 1508 547 1550 csse
574 1496 726 1572 putarent
754 1486 843 1573 quod
866 1485 1057 1551 Academiae
1076 1506 1153 1558 snae
1170 1486 1316 1571 gratula-

289 1612 411 1668 rentur.
457 1600 581 1667 Dchinc
617 1601 776 1667 continuis
807 1599 946 1665 doctoris
978 1599 1198 1685 progressibus
1214 1671 1217 1678 ,
1231 1598 1316 1663 fama

289 1716 356 1799 ejus
375 1716 548 1782 crescebat.
594 1716 631 1780 ln
650 1715 794 1779 scissuris
811 1714 994 1794 Orationis,
1018 1735 1084 1800 qua
1101 1736 1216 1781 munus
1240 1736 1316 1800 pro·

288 1831 456 1894 fessorium
477 1830 660 1915 auspicatus
677 1830 799 1909 fuerat,
823 1828 1133 1912 commemorabatur
1148 1849 1169 1893 a
1187 1839 1315 1893 nostra·

289 1944 374 2009 tibus'
392 1945 562 2031 singularis
586 1945 654 2028 ejus
680 1943 838 2023 eruditio,
862 1943 976 2007 eximia
995 1942 1133 2009 docendi
1158 1944 1313 2022 facultas,

287 2080 463 2146 augescens
474 2060 507 2123 in
519 2058 585 2123 dies
598 2052 787 2138 celebritas,
809 2079 879 2143 spes
888 2058 1016 2123 futurae
1025 2058 1094 2142 ejus
1106 2037 1197 2123 iubis
1215 2058 1314 2122 literis

289 2151 509 2241 excellentiae.
528 2172 553 2260 ἱ)
576 2173 689 2239 Socius
707 2172 949 2239 adscribebatur
960 2172 1173 2238 societatibus
1194 2174 1319 2237 Litora·-

289 2288 341 2352 riis
360 2289 393 2351 in
414 2289 517 2373 patria
540 2289 723 2374 plerisque,
753 2287 840 2373 apud
867 2298 990 2351 exteros
1018 2287 1104 2352 baud
1126 2288 1256 2373 paucis,
1280 2290 1313 2351 in

206 2428 208 2433 ’
288 2402 405 2489 quibus
428 2402 633 2467 Academiam
665 2401 880 2466 Scientiarum
908 2403 1107 2466 Borussioam
1134 2401 1199 2485 jam
1230 2423 1313 2465 anno

289 2518 376 2584 1812
393 2516 588 2597 Heusdium,
608 2517 796 2603 scriptorem
809 2513 1151 2602 Specs‘mius‘sCrs‘ts‘cd
1162 2516 1313 2604 egregio·
1391 2604 1400 2628 ΙΙ

288 2655 424 2718 rumque
442 2633 675 2719 discipulorum
698 2644 960 2717 praeceptorem,
975 2632 1189 2717 Epistularum
1215 2631 1256 2696 de
1278 2653 1313 2694 re

286 2747 428 2810 literaria
457 2747 648 2812 commercio
665 2765 776 2810 secum
790 2745 954 2827 junxisse,
981 2757 1159 2810 memoratu
1177 2745 1313 2833 dignum

289 2859 426 2926 ridetur.
447 2857 474 2944 ⁸)
500 2861 667 2926 Praeterea
686 2858 762 2939 ille,
787 2861 836 2923 vix
856 2860 960 2925 tribus
978 2861 1069 2924 annis
1094 2859 1240 2927 docendo
1256 2880 1310 2923 ex·

318 3220 513 3288 amam

321 3305 348 3374 21
365 3309 464 3376 Algam.
482 3310 567 3358 Konst
584 3309 738 3359 eantterd.
757 3308 875 3386 atace,
887 3308 950 3373 111,
960 3327 985 3376 p.
1010 3307 1069 3360 402.
1090 3314 1117 3358 et
1136 3309 1313 3374 Sobouaoturg
1381 3295 1387 3392 ἱΙ

278 3411 337 3444 ‘⁰⁰⁹³
352 3397 399 3443 1⁹¹·
412 3411 442 3444 Μ
456 3395 621 3444 Uirouesca,
638 3396 740 3444 better-
760 3411 791 3443 css
808 3396 1043 3459 Huisboudlruade,
1063 3413 1086 3446 a.
1109 3394 1187 3459 1806,
1200 3393 1267 3458 M,
1285 3411 1311 3460 P·
1384 3420 1389 3459 t

287 3479 354 3545 101,
373 3489 400 3530 et
417 3481 444 3529 rt.
455 3478 486 3543 4,
499 3497 523 3545 p.
538 3478 597 3528 2161
619 3481 789 3530 Posteriorum
806 3488 891 3531 antem
911 3498 1077 3530 censurarum
1097 3483 1236 3546 scriptores
1258 3496 1312 3528 non

287 3567 366 3628 magis
382 3567 511 3616 hudando
525 3567 625 3631 placere
639 3583 716 3630 quam
730 3568 955 3618 animadvertendo
969 3569 1087 3633 prodesse
1100 3567 1211 3618 mentio
1219 3567 1313 3630 juveni

287 3653 413 3702 studuisse
425 3657 452 3700 et
466 3669 514 3714 ego
526 3654 578 3702 scio
588 3659 614 3702 et
629 3655 700 3704 facile
714 3655 836 3717 credent,
846 3656 940 3719 quibus
954 3671 997 3704 eas
1013 3655 1099 3718 legere
1112 3655 1220 3721 placeat.
1232 3655 1312 3702 Lectu

286 3740 364 3790 ctiam
386 3739 462 3800 digna
474 3745 551 3802 sunt,
569 3756 651 3804 quae,
667 3755 698 3788 ex
709 3737 782 3806 Attg.
800 3741 881 3789 Lites.
901 3743 974 3791 Zss't.
996 3743 1053 3803 Erg.
1066 3741 1103 3790 ul.
1123 3739 1204 3805 1009,
1221 3741 1249 3790 N.
1261 3737 1311 3802 2⁷,

288 3842 312 3890 p.
325 3824 376 3874 215
389 3826 482 3889 ducta,
501 3830 598 3874 exstant
610 3827 638 3875 in
653 3826 714 3892 Arg.
729 3828 763 3879 K.
776 3842 807 3874 ess
819 3827 930 3875 Letterb.
943 3842 966 3877 a.
980 3825 1064 3890 1810,
1079 3827 1109 3876 l).
1128 3825 1160 3890 1,
1176 3843 1201 3892 p.
1216 3823 1274 3874 233.

320 3910 347 3976 3)
365 3913 489 3962 Heusdius
508 3913 676 3962 Societatibus
697 3913 841 3978 adscriptus
862 3913 1012 3962 snit'bisce:
1030 3913 1151 3961 Societati
1166 3913 1271 3961 Asticus
1287 3917 1315 3960 st

288 4000 462 4048 Scients'crstsa
473 3999 635 4066 Trojocts'nuc
647 3999 842 4067 (moderatorum
861 3996 997 4063 suffragiis)
1010 3999 1036 4049 d.
1050 3997 1111 4047 7m.
1123 3999 1185 4048 Ros.
1194 4016 1218 4048 a.
1232 3995 1313 4061 1003,

286 4086 443 4149 proximique
465 4087 525 4146 anni
551 4087 576 4134 d.
596 4084 663 4136 um.
686 4085 749 4134 tutti
772 4086 891 4134 societati
913 4087 1061 4150 Literna-sess
1079 4084 1314 4135 Nssrlosds‘oosssss

285 4170 423 4220 Leidenss':
441 4172 574 4221 societatis
584 4173 749 4239 Trojscts'aos
759 4170 962 4221 moderatoribus
974 4173 1000 4221 d.
1012 4171 1047 4222 19
1059 4187 1094 4221 m.
1109 4170 1180 4220 Juuii
1189 4185 1213 4220 a.
1225 4167 1310 4219 180⁵:

285 4256 403 4304 Societati
424 4257 598 4305 Scisuts'urum
621 4257 797 4308 Zeslussds'cas
816 4258 842 4306 d.
864 4255 899 4306 22
918 4273 953 4306 m.
976 4259 1031 4308 Oct
1049 4275 1072 4308 a.
1092 4255 1172 4306 100οε
1190 4257 1311 4305 Societati

1385 3461 1398 3745 't

1394 3754 1398 3791 t
