2875 5075
616 527 659 589 65

128 700 239 765 culum
257 698 396 777 audere,
420 719 527 785 neque
543 708 650 763 tamen
677 680 718 762 de
740 697 901 763 scribendi
923 698 1090 787 diligentia
1106 724 1155 767 re·

127 814 265 891 mittere,
286 812 340 877 sed
359 812 442 878 banc
465 832 561 877 unam
581 809 622 876 ad
638 811 722 875 bene
738 810 914 878 dicendum
934 814 1157 881 rismcensere

126 940 159 992 et
187 949 262 992 vero
286 925 457 992 meditatus
490 925 591 991 adea
626 923 801 1004 accedere,
841 947 925 1013 quae
950 950 1024 1031 mer
1052 931 1154 997 serbis

126 1043 317 1107 vestirentur
340 1037 552 1121 ἐπιτυχοῦσιν.
597 1040 654 1103 Sic
670 1037 739 1103 dies
754 1062 871 1105 revera
890 1040 977 1105 diem
998 1041 1153 1125 docebat,

126 1168 158 1221 et
176 1157 291 1220 sensim
314 1154 394 1220 baec
413 1152 594 1239 explicandi
615 1154 694 1219 ratio
718 1175 756 1219 ex
776 1154 850 1219 sliis
865 1155 989 1220 inelies
1001 1204 1011 1237 ,
1024 1159 1104 1244 quin
1121 1142 1162 1223 in*

126 1292 246 1349 omnes,
268 1270 518 1334 transferebatur
529 1268 666 1335 scholas.
691 1269 827 1333 Interim
844 1268 988 1336 dictandi
1006 1293 1073 1336 mos
1091 1295 1154 1339 non

127 1384 256 1449 omnino
266 1384 437 1471 abrogatus
450 1384 518 1447 tuit.
541 1384 685 1472 Namque
705 1382 788 1449 illud
797 1383 958 1449 lleusdius
984 1386 1113 1453 tenebat
1122 1398 1155 1452 et

125 1499 301 1585 probabat:
345 1499 510 1563 «lurenes
539 1498 650 1563 Batavi
685 1497 827 1585 aliquid
858 1499 919 1563 sibi
957 1497 1073 1565 dictari
1101 1521 1155 1565 ro·

9 1646 10 1671 1
127 1614 228 1679 lunt»
264 1622 297 1677 et
323 1611 445 1677 idcirco
476 1633 652 1698 numquam
675 1612 713 1675 iis
743 1611 869 1699 aliquid
887 1611 1011 1681 dictare
1038 1613 1154 1695 desiit,

127 1727 184 1792 sed
205 1726 268 1791 boo
289 1727 446 1813 exquisita
479 1726 635 1790 brevitate
669 1727 904 1813 conspicuum,
935 1728 1156 1813 gravissimum
1189 1715 1193 1723 ’

128 1842 213 1921 lere,
237 1863 302 1928 quo
319 1851 426 1906 cetera
445 1840 504 1909 niti
519 1838 730 1920 ridebantur,
753 1840 906 1928 quodque
925 1862 1000 1905 cum
1013 1840 1062 1907 bis
1078 1843 1155 1929 ipsis

129 1978 186 2041 pro
223 1954 405 2037 auditorum
437 1954 658 2041 progressibus
700 1964 733 2017 et
760 1954 1019 2020 Encbiridiornm
1058 1957 1156 2021 etiam

128 2070 270 2135 bonitate
290 2068 432 2134 strictius
455 2068 624 2133 uberiusse
645 2066 888 2144 illustrabatur,
911 2079 999 2134 tanta
1023 2069 1156 2157 quidem

9 2214 10 2229 2
130 2205 204 2249 cum
231 2184 405 2261 facilitate,
438 2192 474 2247 ut
509 2202 547 2247 er
579 2180 640 2247 bec
675 2182 783 2249 subita
817 2181 1034 2269 disputatione
1060 2206 1155 2249 suum
1214 2270 1223 2284 Δ,

9 2330 10 2359 r
130 2298 271 2385 quisque
297 2318 470 2383 excerpere
498 2306 530 2360 et
556 2296 590 2359 in
618 2297 764 2385 margine
788 2295 982 2363 dictatorum
1002 2310 1156 2364 annotare

9 2432 10 2437 ’
129 2410 278 2478 disceret.
325 2413 370 2477 llo
387 2410 481 2476 modo
501 2410 757 2490 omnibus'erat,
777 2409 866 2498 quod
883 2412 1045 2476 auferres
1063 2412 1156 2480 scho-

128 2525 158 2591 la
181 2525 334 2612 domique
352 2525 496 2612 relegere
520 2537 552 2588 et
573 2522 721 2588 meditari
740 2534 887 2608 possent,
912 2522 1061 2608 plurimis
1081 2546 1156 2592 vere

10 2665 11 2680 ³
126 2639 344 2706 suscitabatur
359 2638 429 2702 illic
449 2649 481 2702 et
495 2638 641 2703 alebatur
657 2626 843 2721 αὐτουργία.
873 2637 944 2702 Huc
964 2647 1071 2702 autem
1090 2639 1158 2725 ipsa

128 2755 227 2820 etiam
254 2751 383 2818 dicendi
413 2734 492 2817 ratio
519 2751 661 2829 valebat,
686 2729 769 2837 quae
784 2771 907 2816 summa
925 2773 959 2816 se
978 2754 1158 2839 perspicui-

11 2951 12 2960 }
129 2881 195 2934 tate
217 2857 477 2945 commendabat,
502 2877 534 2929 et
552 2865 656 2930 minus
674 2863 714 2930 ed
740 2866 874 2930 oratoris
889 2867 1078 2953 gravitatem
1102 2840 1171 2937 ex·¹

129 2995 201 3050 ecta
225 3005 322 3070 quarn
340 2981 429 3046 culti
460 2979 611 3044 sermonis
638 2979 811 3044 virtutibus
831 2981 1026 3068 conspicue,
1059 2984 1156 3069 hujus

130 3099 258 3163 omniuo
281 3094 514 3182 simplicitatem
535 3092 714 3186 referebat,
749 3090 960 3179 elegantiam,
992 3097 1157 3164 urbanita-

12 3213 14 3254 l
132 3225 214 3292 tem,
239 3212 363 3296 lepores
382 3210 459 3272 item
478 3206 681 3292 politissimos
709 3216 743 3268 et
772 3205 837 3269 rim
866 3208 1011 3272 omnium
1035 3211 1156 3276 animos

130 3325 326 3392 advertendi.
369 3322 455 3388 Nihil
483 3343 519 3386 ea
544 3320 645 3384 severi
676 3318 836 3399 babebat,
872 3318 991 3385 nedum
1019 3325 1156 3401 morosi,

131 3451 242 3506 contra
251 3439 353 3505 hilare
367 3435 490 3524 aliquid
507 3434 706 3518 etjurenile,
731 3434 831 3520 ipsius
849 3445 954 3500 aetate
971 3435 1065 3502 etiam
1084 3458 1158 3523 pro·

131 3556 279 3620 rectioris
290 3553 467 3640 proprium,
484 3548 684 3635 mirificeque
702 3548 810 3612 valens
828 3546 869 3612 ad
886 3548 1159 3634 pulcritudinem,

132 3671 287 3756 gratiam,
323 3669 466 3753 lepores,
500 3663 619 3750 quibus
646 3673 846 3750 quantopere
878 3665 979 3729 multa
1014 3676 1157 3732 reternrn

131 3785 247 3870 scripta
266 3793 420 3848 ornentur
433 3777 571 3870 ,acriter
581 3775 650 3862 ipse
665 3777 837 3859 sentiebat,
850 3778 938 3842 velut
947 3779 1049 3844 oculis
1064 3780 1159 3845 disci-

132 3899 284 3984 pulorum
315 3891 541 3978 subjiciendos.
589 3891 694 3986 Quam
723 3889 975 3976 pulcritudinem
1014 3893 1039 3955 si
1076 3914 1157 3979 ques

132 4013 259 4098 penitus
278 4008 491 4097 percipientes
517 4002 804 4083 animadverteret,
824 4003 1001 4090 plurimum
1027 4004 1076 4070 bis
1101 4007 1159 4072 ille

132 4125 364 4191 delectabatur.
411 4122 490 4186 Nam
521 4118 653 4205 «pulcri
674 4138 814 4183 amorem
837 4130 874 4183 et
905 4119 1109 4186 excitandum
1125 4123 1159 4186 in
1251 4211 1258 4220 Ι

17 4293 19 4316 ,
105 4241 299 4332 ¹juventute
329 4249 361 4304 et
384 4236 488 4324 aptius
517 4234 648 4299 excitari
674 4254 737 4320 non
768 4255 858 4318 posse
876 4235 1044 4315 censebat,
1058 4257 1155 4323 quarn

882 4403 885 4411 ,
984 4347 1002 4406 t
