2875 5075
589 548 631 609 93

12 742 14 791 t
83 720 148 804 ‚rel
174 718 265 804 impii
287 716 321 781 in
344 718 491 803 parentes
515 730 607 800 sunt,
635 719 686 782 vel
704 719 823 804 ingrati
841 738 916 805 erga
934 722 1123 806 magistros,

12 818 13 821 Ἴ
93 830 144 895 vel
163 834 197 897 in
212 833 329 897 amicos
347 830 493 917 perfidi.»
518 828 545 920 ¹)
560 868 596 883 -
619 834 741 902 Verum
757 834 792 896 in
809 832 1042 919 discipulorum
1051 856 1125 899 ver·

92 946 264 1025 sabamur,
287 944 430 1010 Heusdio
452 946 655 1028 suavissima,
681 948 837 1028 caritate,
868 947 960 1031 cujus
983 947 1046 1014 hoe
1075 950 1124 1012 in-

92 1083 190 1151 super
206 1060 373 1146 proprium
389 1060 451 1124 tuit
461 1058 477 1139 ,’
495 1071 532 1124 ut
547 1062 758 1126 constantiam
775 1061 909 1126 haberet
925 1063 1123 1148 magnitudi-

92 1176 124 1239 ni
143 1196 265 1261 parem.
312 1173 403 1239 Illam
432 1196 538 1261 neque
556 1176 708 1262 temporis
735 1175 911 1254 decursus,
944 1198 1050 1263 neque
1074 1177 1122 1241 lo·

93 1311 205 1354 corum
221 1287 415 1373 disjunctio,
438 1310 544 1375 neque
574 1289 697 1354 diversa
717 1290 801 1355 ritae
832 1289 991 1369 conditio,
1016 1311 1122 1377 nequo

93 1403 299 1490 provectioris
325 1403 437 1467 aetatis
463 1424 651 1497 progressus
675 1404 873 1493 minuebant.
909 1406 996 1487 Quin
1011 1417 1121 1485 crant,

92 1517 177 1604 apud
195 1539 276 1605 quos
298 1518 358 1603 ipsi
380 1516 428 1581 illi
447 1540 633 1605 progressus
655 1539 795 1607 cumque
814 1520 852 1583 iis
874 1519 1012 1584 adaucta
1039 1541 1122 1585 con-

78 1633 227 1709 scientia
248 1632 296 1695 sui
316 1631 482 1697 caritatem
500 1653 571 1696 eam
587 1634 709 1698 alerent
726 1645 758 1697 et
776 1632 951 1698 firmarent.
982 1633 1031 1697 dc
1048 1654 1124 1697 con·

12 1794 13 1799 η
91 1739 225 1811 stantiae
243 1746 331 1811 illius
353 1756 449 1813 testes
469 1746 603 1843 fuerunt
619 1747 767 1812 literaea
796 1746 981 1833 discipulis,
1007 1746 1120 1812 decem

92 1863 309 1949 pluribusque
320 1862 400 1927 adeo
412 1864 503 1927 annis
514 1874 587 1927 ante
596 1863 787 1930 Academiae
796 1864 1015 1944 civibus,non
1026 1863 1122 1930 modo

12 2062 13 2065 Ἴ
90 1976 178 2057 hinc,
194 1998 304 2041 vorum
317 1976 619 2043 etiameGermania
630 1978 670 2043 ad
685 1979 927 2065 praeceptorem
944 1978 1047 2058 datae,
1065 2000 1123 2042 re-

92 2092 265 2181 nerationis
278 2102 310 2155 et
320 2092 447 2178 pietatis
458 2092 594 2177 plenae:
619 2103 715 2157 testes
728 2105 972 2172 veteranorum,
989 2092 1122 2176 Traiec-

90 2216 159 2271 tum
171 2206 378 2271 revisentium
390 2255 399 2286 ‚
421 2207 627 2273 salutationes
639 2228 714 2273 cum
728 2206 844 2272 diserta
852 2182 1008 2293 pristinae
1016 2205 1122 2271 disci·

12 2380 14 2417 ἐ
90 2320 199 2406 plinae
226 2320 387 2385 mentione
421 2342 560 2407 cumque
596 2320 736 2385 evidenti
762 2322 845 2408 grati
874 2321 972 2385 animi
1001 2321 1122 2407 signiti-

89 2434 217 2500 catione
227 2446 259 2499 et
274 2455 349 2499 vero
361 2434 487 2499 consilii
504 2434 672 2521 expetendi
683 2434 790 2500 studio
804 2434 995 2518 conjunctae
1006 2458 1014 2497 ι
1025 2446 1120 2499 testes

12 2605 13 2608 ,
87 2551 193 2614 altera
209 2547 401 2614 Academiae
418 2548 620 2631 Traiectinae
636 2550 821 2614 saecularia
837 2570 920 2614 anno
935 2551 1020 2612 1836
1030 2548 1121 2612 eele-

12 2685 13 2742 ᾗ
87 2663 202 2739 brata,
228 2661 344 2747 quibus
361 2671 398 2725 nt
421 2660 566 2748 undique
592 2661 632 2726 ad
657 2661 760 2726 almae
781 2662 876 2726 matri
895 2658 1120 2748 gratulandum

89 2763 334 2854 conduxerant,
359 2776 403 2839 ita
418 2776 542 2840 cinctus
559 2775 616 2839 ille
634 2775 779 2863 quotidie
798 2775 860 2839 tuit
881 2775 1044 2840 nullorum
1055 2769 1120 2842 non

89 2891 212 2976 patriae
240 2889 385 2984 locorum
410 2889 544 2968 incolis,
573 2890 730 2977 singulari
753 2911 884 2975 prorsus
920 2891 1120 2962 observantia

12 2987 13 3008 ³
91 3017 122 3067 et
150 3003 203 3088 pia
229 3001 459 3068 beneficiorum
486 2999 713 3069 'recordatione
740 3017 983 3091 praeceptorem
1005 3027 1118 3091 prose-

92 3118 266 3204 quentibus
286 3128 317 3181 et
336 3116 482 3196 hancei,
516 3117 556 3182 ad
576 3118 733 3204 lacrymas
751 3119 912 3183 interdum
936 3131 1117 3198 commoto,

12 3305 13 3308 Ἴ
93 3233 343 3318 exprimentibus
368 3253 499 3298 vocem:
537 3252 555 3294 <t
565 3230 599 3295 hi
617 3231 684 3295 dies
708 3231 787 3294 mihi
806 3233 889 3294 ritae
905 3231 1004 3294 instar
1031 3243 1127 3296 sunu·
1197 3305 1200 3312 ¹

13 3419 14 3422 Ἴ
92 3345 128 3409 ln
159 3356 265 3410 vestro
296 3365 404 3410 amoro
425 3344 493 3427 jam
510 3343 588 3408 mihi
615 3344 799 3410 mortalium
826 3343 1024 3408 beatissimus
1050 3364 1118 3406 esso

12 3467 13 3506 l
93 3459 202 3525 videor
214 3483 231 3522 »
246 3456 293 3546 ²):
319 3470 414 3525 testes
438 3458 578 3546 denique
596 3460 686 3525 nobis
707 3471 778 3544 post
795 3459 863 3544 ojus
880 3458 1004 3523 obitum
1023 3459 1118 3528 erstia

95 3867 97 3874 ¹
126 3847 152 3912 1)
171 3846 229 3902 vit.
239 3847 271 3897 N
273 3847 383 3902 arrats'
389 3861 403 3893 o
421 3859 523 3910 smus,
540 3861 606 3910 ossas
626 3845 693 3896 diem
712 3843 859 3896 wadan.
875 3861 900 3897 e.
916 3845 986 3897 toto
993 3853 1118 3912 spectant,

95 3939 119 3982 st
134 3933 240 3982 Heusdii
255 3933 289 3982 od
308 3933 427 3984 imorum
443 3933 539 3980 ortium
552 3933 582 3980 in
594 3921 676 3982 Aood.
694 3932 866 4000 utrumq.
882 3933 1018 3982 Studiosos
1040 3933 1118 3981 Prs-

52 4003 54 4008 ·
95 4019 298 4086 treptiousin
319 4019 465 4070 calendario
486 4019 660 4069 Studiosorum
683 4015 1119 4082 Trsjoot.a.18³tletinl'riode·

93 4106 177 4156 tnanni
187 4105 352 4156 Bibliotheca
368 4106 476 4170 Scripta
486 4120 518 4154 ac
535 4105 617 4155 Poro.
628 4105 715 4154 Latia.
736 4105 832 4153 amatis
846 4109 940 4152 recent.
956 4103 1059 4165 selecto.
1082 4103 1116 4152 Α.

94 4181 287 4256 Scriptoruml,
303 4190 327 4255 2,
344 4188 403 4240 163.
628 4247 632 4254 ,

12 4305 13 4312 1
125 4275 153 4341 2)
171 4279 242 4328 Hane
258 4275 454 4328 roocmaudirit
467 4279 611 4341 quoquest
627 4274 715 4326 retulit
728 4277 858 4326 Gondoer.
876 4274 895 4323 1.
912 4272 931 4322 1.
943 4290 971 4337 p.
987 4271 1031 4322 tt.
