2875 5075
606 586 668 649 237

126 760 238 824 studiis
278 780 408 845 operam
453 759 618 839 dantium,
652 771 708 824 aut
746 760 866 836 libros,
907 762 1034 825 nornine
1069 762 1154 849 apud

125 873 296 941 Custodem
322 874 427 955 edito,
446 873 576 939 domum
594 875 838 960 asportantium.
870 875 1035 955 Quaenam
1052 879 1085 940 iu
1106 878 1156 941 his

126 990 275 1053 omnibus
296 986 429 1053 Heusdii
457 1010 533 1052 cura
561 1010 599 1053 ac
623 988 820 1073 providentia
844 989 959 1069 luerit,
985 1012 1091 1079 neque
1117 1014 1153 1056 er

125 1103 181 1182 iis,
207 1124 290 1189 quae
315 1103 384 1187 ipre
403 1124 432 1168 a.
459 1104 554 1165 1821·
569 1103 699 1167 Rectori
724 1102 895 1188 llaguilico
920 1105 1153 1189 suppeditavit,

127 1238 232 1303 neque
253 1238 290 1280 ex
309 1218 414 1302 ipsius
432 1216 471 1281 ad
491 1212 692 1303 catalogum,
716 1228 824 1302 postea
845 1218 985 1297 editum,
1004 1218 1155 1307 Praesa-

128 1334 218 1395 tione
250 1332 400 1417 cognosci
428 1331 497 1397 ullo
524 1332 617 1396 modo
646 1342 761 1417 potest.
813 1333 957 1397 Aliorum
980 1337 1093 1399 merita
1116 1356 1154 1399 ex

126 1468 200 1510 vero
222 1446 399 1510 celebravit
421 1445 494 1525 ille,
519 1446 559 1510 de
576 1426 633 1526 se,
657 1457 693 1510 ut
719 1468 777 1531 par
803 1458 889 1526 erat,
913 1450 1023 1514 tacuit.
1059 1449 1154 1531 Quod

126 1583 143 1645 a
155 1560 281 1625 dnobus
292 1562 485 1625 Rectorihus
495 1560 668 1646 llagnificis
680 1561 812 1646 publice
822 1553 1075 1627 animadversum
1088 1575 1152 1642 est,

127 1697 265 1762 quorum
278 1676 376 1753 alter,
399 1698 416 1738 a
429 1686 462 1741 tu
478 1676 632 1761 —inquit
650 1713 683 1723 -
699 1677 731 1737 in
750 1674 976 1764 Praefationa
988 1689 1040 1742 tua
1052 1678 1154 1742 laten·

126 1803 190 1855 tem
216 1790 371 1855 hactenus
392 1790 611 1855 Bibliothecae
639 1802 766 1855 nostrae
788 1790 952 1855 historiam
980 1794 1152 1878 scripsisti,

108 1917 308 1970 accuratam
347 1907 415 2002 lere
450 1905 604 1985 dixerim,
638 1906 696 1969 nisi
731 1928 830 1969 nuum
862 1904 963 1970 hocce
992 1906 1155 1973 desidera·

125 2032 234 2099 retur,
256 2033 311 2099 ut,
334 2031 365 2083 te
389 2020 458 2105 ipso
480 2020 638 2083 referente
663 2040 820 2105 quaenam
840 2020 895 2085 alii
916 2024 1151 2107 praestiterint,

125 2136 194 2200 aliis
223 2133 429 2199 scribendum
458 2143 554 2198 restet
577 2155 735 2219 quaenam
765 2146 820 2199 tua
843 2136 906 2199 sint
928 2157 1004 2223 erga
1030 2138 1152 2201 Biblio-

126 2250 253 2315 thecam
274 2260 305 2313 et
325 2250 509 2335 catalogum
532 2248 653 2312 merita.
691 2248 763 2313 Tibi
788 2251 873 2313 enim
889 2250 1044 2315 debemus
1062 2274 1152 2332 eam,

126 2388 191 2452 qua
203 2363 322 2451 gaudet
339 2362 520 2450 hodieque,
537 2362 763 2430 conditionem.
774 2384 791 2426 r>
804 2361 832 2449 ¹)
864 2365 979 2429 Libens
993 2367 1154 2431 Heusdius

126 2480 282 2545 bonarum
304 2480 421 2544 artium
439 2480 578 2546 lautores
603 2477 637 2541 in
654 2476 885 2544 Bibliothecam
909 2478 1151 2569 introducebat,
1176 2516 1178 2520 <

125 2597 246 2682 iisque,
274 2596 475 2682 singulorum
498 2593 746 2681 concinnitatem
767 2605 799 2658 et
825 2587 1003 2679 simplicem
1022 2597 1151 2682 elegan-

126 2711 201 2774 tiam
232 2721 301 2774 tum
332 2711 564 2796 pulcerrimum
590 2711 623 2773 in
643 2710 799 2795 Apollinis
817 2705 1023 2774 simulacrum
1041 2733 1155 2796 aspec-

126 2837 194 2890 tum
217 2824 465 2904 admirantibus,
491 2845 527 2888 ea
547 2824 776 2888 humanissime
798 2825 992 2890 monstrabat
1018 2837 1051 2889 et
1079 2848 1152 2890 nar·

126 2940 233 3020 rabat,
253 2938 337 3004 unde
354 2940 575 3005 benevolentia
588 2961 663 3026 erga
674 2939 907 3004 Bibliothecam
923 2937 1151 3018 suscitaretur,

125 3055 268 3140 ipsisque
291 3054 331 3118 de
362 3055 522 3119 utilissimi
550 3063 719 3138 apparatus
746 3053 961 3138 amplificandi
989 3068 1153 3119 momento

126 3168 383 3255 persuaderetur.
418 3171 516 3233 Erant
533 3170 589 3254 qui
610 3179 783 3253 negarent,
804 3189 896 3252 posse
913 3190 1009 3253 quern
1025 3170 1154 3254 impon-

125 3287 189 3350 sius
220 3297 352 3369 accepto
379 3284 462 3348 dono
495 3284 622 3347 laetari.
640 3304 737 3368 quam
764 3282 939 3347 Hensdium
968 3283 1076 3347 oblato
1101 3285 1155 3348 Bi·

125 3399 307 3465 bliothecae
344 3421 484 3464 munere.
536 3397 626 3462 Adde
658 3407 782 3476 tamen,
821 3399 1012 3482 paratiorem
1041 3419 1079 3462 eo
1112 3399 1152 3462 ad

125 3514 310 3598 hujusmodi
329 3513 527 3577 liberalitatis
546 3513 732 3576 memoriam
755 3511 959 3576 recolendam
976 3514 1073 3578 luisse
1095 3535 1159 3577 ne-·

126 3631 255 3694 minem.
269 3626 296 3714 ²)
328 3628 483 3713 Optamus
502 3638 628 3706 autem,
642 3637 677 3690 ut
696 3638 857 3712 quotquot
876 3627 1018 3692 munifici
1036 3629 1153 3692 artium

160 3887 187 3955 l)
206 3891 272 3939 Ana.
283 3889 364 3938 Acori,
377 3889 448 3958 Troj.
464 3905 488 3936 o.
503 3885 689 3951 toea-1835,
699 3903 723 3951 p.
738 3885 778 3935 47.
798 3886 1153 3953 ca.Asa.a.1820-1821,

128 3994 151 4042 p.
180 3975 229 4040 64,
257 3989 407 4039 quamquam
427 3975 453 4023 in
476 3975 532 4022 aliia
555 3974 727 4022 voluminibus
749 3971 839 4021 merita
862 3973 982 4037 praelecti
1004 3989 1055 4020 non
1079 3976 1157 4022 omit-

86 4083 88 4090 *
126 4068 226 4112 tantur.
253 4089 287 4100 —
311 4063 367 4125 Ipsa
387 4065 470 4110 autem
495 4059 630 4121 Propertio
652 4075 675 4118 a.
702 4057 770 4108 1835
787 4073 901 4107 seorsum
924 4074 1028 4122 quoque
1045 4061 1153 4124 prodiit,

126 4147 309 4198 accedentibus
330 4155 383 4195 tam
408 4147 473 4194 aliis
495 4139 681 4196 Bibliothecam
700 4145 889 4208 spectantibus,
912 4152 965 4192 tuor
981 4146 1092 4193 Sanctae
1110 4146 1155 4192 Ur-

129 4235 190 4282 bam'
209 4235 384 4300 Trajoctonss's
401 4231 519 4314 depretia.

162 4317 188 4381 2)
209 4318 294 4378 Praei
316 4319 397 4367 Ootal.
416 4334 440 4383 p.
456 4317 488 4365 11
505 4323 532 4366 at
549 4318 620 4366 Orat.
639 4319 711 4366 Saso.
729 4333 753 4382 p.
768 4314 803 4366 24
821 4322 847 4365 et
861 4316 922 4365 line.
