2875 5075
613 528 658 631 '61

11 738 13 773 r
128 698 221 783 cujus
241 697 373 763 consilia
388 719 452 763 non
471 711 578 765 nostra
596 698 729 788 quidem
748 722 896 789 semper,
929 702 986 769 sed
1003 702 1166 770 sublimia.

126 832 272 898 semper,
305 834 498 900 semperque
536 814 680 899 perfecta
710 826 795 882 sunt.
838 818 909 883 Hoc
939 818 981 882 ab
1013 818 1157 884 Heusdio

71 1016 73 1024 y
124 926 326 992 discebamus
359 948 409 991 res
437 928 582 1015 gentium
617 940 803 1010 enarrante3
840 930 991 1018 idemque
1024 933 1156 1020 religio-

11 1044 12 1049 ’
123 1062 197 1105 nem
238 1040 447 1109 Christianam
488 1042 618 1109 tandem
648 1044 815 1129 speculam
846 1058 980 1126 nactus,
1010 1046 1088 1111 inde
1120 1048 1155 1111 in

11 1188 12 1213 5
124 1176 234 1221 omnes
261 1168 368 1242 partes
398 1156 642 1244 diligentissime
668 1158 869 1227 observabat.
920 1160 984 1225 Sed
1011 1160 1046 1225 id
1070 1160 1154 1227 inira

11 1332 12 1337 ,
123 1270 255 1356 patebit.

166 1386 308 1451 Historia
338 1406 435 1471 saepe
465 1385 595 1452 delinita
624 1399 671 1451 est
692 1408 802 1453 rerum
829 1398 992 1474 gestarum
1010 1408 1156 1453 comme-

121 1502 258 1565 moratio
277 1522 351 1567 cunr
368 1501 604 1589 significatione
616 1514 796 1589 temporum
814 1515 847 1567 et
862 1502 1028 1582 locorum3
1045 1503 1080 1565 in
1091 1524 1157 1590 qua

69 1645 75 1655 ’
104 1610 309 1682 'definitione
336 1611 499 1682 silentium
531 1616 681 1704 displicet
713 1618 755 1683 de
793 1640 903 1683 rerum
944 1617 1153 1697 auctoribus,

120 1742 287 1817 tamquam
301 1730 359 1795 hos
379 1731 570 1797 accessionis
587 1732 659 1797 loco
679 1732 801 1798 habere
825 1734 931 1798 liceat.
955 1734 1002 1797 Ex
1021 1731 1156 1797 lleusdii

119 1844 279 1911 historicis
298 1845 415 1911 scholis
433 1846 524 1910 nullo
544 1847 616 1933 quis
638 1857 784 1932 tempore
804 1846 888 1912 hanc
909 1845 1052 1911 duxisset
1083 1847 1154 1933 opi·
1209 1937 1212 1941 .

11 2014 12 2019 ,
119 1962 267 2041 nionenr3
302 1960 357 2025 sed
388 1971 556 2048 postquam
585 1982 680 2026 suum
707 1962 785 2041 ille,
819 1984 885 2049 quo
911 1961 1093 2027 tetenderat
1111 1963 1154 2027 ab

117 2075 234 2156 initio,
259 2096 394 2163 scopum
413 2075 584 2163 attigerat,
610 2078 772 2141 contraria
789 2078 895 2143 omnia
919 2075 1034 2141 exinde
1051 2098 1155 2162 appa-

11 2200 12 2279 ,
118 2190 222 2254 ruisse
241 2189 291 2253 rel
311 2190 517 2255 memorabile
542 2190 685 2257 declarat
705 2191 847 2255 veterani
868 2190 1035 2275 cujusdam
1055 2190 1154 2256 disci·

11 2308 12 2313 ’
116 2304 188 2389 puli
231 2325 436 2391 responsum,
470 2305 526 2393 qni
557 2327 641 2371 anno
670 2307 759 2371 1814
798 2306 951 2393 magistro
986 2306 1154 2392 quaerenti

11 2496 12 2501 ἵ
116 2418 238 2504 ecquid
258 2418 390 2486 historia
402 2432 484 2484 esset
495 2467 504 2499 ,
517 2421 687 2506 tuentiquo
707 2422 874 2508 vulgarem
893 2422 1030 2506 eamque
1045 2440 1153 2484 coram

11 2555 12 2598 t
112 2530 319 2598 auditoribus
359 2531 501 2598 nondum
542 2533 757 2618 improbatam
792 2532 1025 2613 definitionem,
1067 2532 1152 2598 hanc

12 2733 13 2736 Ἴ
112 2648 180 2712 sibi
200 2646 304 2710 minus
323 2647 474 2731 probari,
498 2645 588 2712 illam
607 2658 716 2712 autem
736 2645 838 2710 videri
856 2645 936 2710 dixit
955 2650 1152 2712 otorrots'o-

113 2783 194 2826 nem
222 2763 315 2825 citos
339 2762 481 2848 generis
509 2760 665 2827 tomani.
711 2760 759 2826 hc
785 2761 932 2845 prolecto
951 2783 1002 2825 res
1024 2773 1150 2849 gestas,

115 2873 261 2940 Heusdio
288 2876 480 2962 interprete,
513 2875 643 2961 spiritus
665 2876 752 2940 intus
771 2874 881 2956 alere,
911 2875 1151 2942 adessecerne·

116 2992 232 3070 batur,
267 2991 323 3077 qui
350 2991 467 3054 molem
497 2991 651 3077 agitaret,
682 2991 798 3072 homo;
833 2991 1054 3078 philosophiae
1082 3005 1151 3058 erat

115 3123 193 3169 curn
213 3102 345 3170 historia
363 3104 570 3190 conjunctio,
595 3126 659 3169 non
676 3127 714 3170 eo
731 3116 895 3190 spectans,
919 3117 957 3170 ut
974 3129 993 3170 a
1014 3109 1149 3193 priori,

115 3218 204 3305 quod
223 3218 535 3304 ajunt,ponerentur
550 3219 655 3284 omnia
665 3230 697 3282 et
708 3217 931 3283 traderentur:
950 3218 1035 3282 unde
1049 3205 1163 3284 histo

115 3335 183 3398 riae
211 3335 383 3399 auctoritas
408 3334 558 3414 vacillat,
582 3332 737 3420 quodque
763 3332 908 3420 gratius,
943 3353 1052 3396 seusus
1080 3335 1149 3398 veri

86 3505 88 3508 .
114 3447 282 3514 hebescit:
315 3468 427 3513 rerum
447 3469 485 3514 eo
506 3449 611 3512 valere
634 3447 690 3512 illa
710 3447 903 3531 conjunctio
915 3445 1073 3528 debebat,
1093 3458 1148 3529 ut,

116 3562 317 3651 exquirendo
345 3575 377 3627 et
409 3563 605 3630 observando
629 3584 679 3628 res
697 3563 865 3629 hominum
884 3575 917 3628 et
937 3563 1149 3648 populorum,

115 3677 205 3743 adea
221 3677 429 3742 eveherentur
445 3677 676 3764 intelligenda,
690 3699 775 3764 quae
792 3689 824 3742 et
841 3677 957 3744 horum
976 3691 1008 3744 et
1021 3681 1150 3765 generis

115 3791 247 3858 humani
277 3814 374 3880 quam
403 3793 539 3857 maxime
563 3794 693 3878 propria
723 3792 921 3880 diversisque
948 3794 1148 3878 temporibus

116 3931 148 3973 se
172 3909 345 3973 exseruisse
364 3907 523 3974 videntur.
548 3908 631 3972 Hinc
652 3908 770 3990 Critica
789 3928 808 3971 a
827 3919 1036 3994 praeceptore
1055 3928 1146 3972 com-

116 4022 328 4090 mendabatur
351 4022 488 4113 duplex,
513 4021 612 4088 altera
635 4020 930 4102 literario,fidem
955 4042 1147 4088 monumen-

116 4152 221 4206 torum
237 4139 460 4204 historicorum
479 4137 715 4226 religiosissime
740 4136 929 4224 explorans,
963 4136 1064 4201 altera
1081 4156 1151 4200 και·

115 4244 229 4338 ἐξοχὴν
252 4253 440 4333 historico,
471 4275 489 4317 a
519 4264 699 4340 temporum
725 4253 931 4334 contusione,
963 4253 1147 4338 apriorum
