2875 5075
779 514 840 583 lid

293 690 436 777 vigentoe
463 685 774 772 sermocinatae
806 689 992 751 oscitaret
1015 687 1209 773 integritas
1232 686 1330 751 luce·

293 804 372 869 bont
391 802 424 867 in
442 802 583 887 imagine
608 799 667 867 nei
695 810 728 865 ct
754 822 852 865 amor
874 800 978 863 verbis
998 799 1065 882 ejus
1089 810 1122 863 ct
1145 801 1331 867 actionibus
1395 856 1399 865 .

293 920 356 983 vim
375 918 582 1003 vigoremque
606 914 809 981 conciliabat.
851 914 954 998 liujus
983 924 1018 981 ut
1046 914 1166 979 similes
1193 913 1329 994 fiemus,

293 1042 349 1097 tua
368 1051 500 1117 quoquc
521 1030 614 1096 nobie
632 1029 782 1095 inserviet
801 1026 1013 1113 philosophia.
1054 1026 1118 1093 Sed
1137 1027 1245 1093 illem
1266 1051 1327 1093 no-

292 1146 341 1210 nto
369 1143 647 1231 contemplandam
674 1141 830 1228 praebere
853 1154 885 1209 et
914 1142 974 1207 lroe
997 1143 1074 1228 ipro
1100 1163 1161 1207 noe
1183 1143 1329 1229 integros

293 1270 326 1325 et
344 1270 469 1325 sanctos
495 1258 535 1324 ed
563 1258 665 1325 licum
691 1256 872 1337 adducere,
895 1255 1161 1343 philosophorum
1181 1258 1327 1325 omnium

291 1372 489 1441 sublimitate
516 1374 685 1458 princepe,
716 1371 752 1437 id
787 1383 842 1441 tua
869 1371 1071 1459 philosophia
1103 1370 1233 1441 officere
1260 1393 1329 1437 nou

292 1497 459 1573 poterat.»
473 1483 499 1573 ι)

288 1600 301 1685 ,’
336 1602 432 1669 Hunc
447 1600 569 1670 librum
587 1600 710 1686 patriae
728 1600 847 1667 dinavit
862 1597 1043 1679 Heuedius,
1066 1610 1115 1679 et,
1140 1599 1231 1687 quod
1251 1601 1327 1667 inti·

293 1716 354 1781 mie
375 1715 446 1797 ejus
469 1716 580 1783 amicis
601 1713 688 1783 heud
712 1713 867 1787 eccidisse
887 1716 971 1779 forte
992 1725 1024 1783 et
1039 1735 1122 1781 ‹oesu
1143 1714 1327 1793 videbitur,

293 1827 347 1895 die
364 1829 529 1914 insignivit
543 1830 588 1895 26
599 1852 642 1897 ru.
659 1829 805 1899 ianuarii
813 1850 844 1897 a.
866 1824 1003 1915 tetus)
1037 1828 1190 1897 voluitne
1209 1829 1329 1914 cnipso

293 1941 367 2022 die,
377 1962 445 2028 quo
462 1943 610 2029 qrunque
623 1943 724 2011 lustra
741 1942 937 2011 instituendi
944 1942 1115 2025 juventute
1125 1942 1327 2028 expleverat,

293 2056 463 2143 publicum
481 2056 560 2123 dore
576 2076 652 2122 suae
672 2061 749 2144 'erga
766 2055 901 2142 patrium
918 2058 1058 2124 caritatis
1075 2056 1328 2125 documentum?

336 2171 388 2239 Ab
406 2170 587 2257 Epirtolir
601 2170 643 2239 ds
657 2184 788 2239 notura
807 2182 840 2239 ot
851 2170 997 2237 omilin
1013 2172 1257 2238 imtitnticnir
1272 2194 1328 2237 so·

292 2286 446 2370 perierit
471 2260 610 2352 alterum
640 2285 728 2353 houd
755 2283 967 2370 separandum
997 2295 1045 2349 est
1075 2283 1325 2353 lleerlandicum

294 2421 393 2486 opus,
423 2399 513 2488 quod
538 2398 714 2479 fleusdius,
738 2398 881 2465 nondum
905 2397 1059 2464 absolutis
1090 2398 1329 2485 philosophice

294 2516 498 2587 Platonicae
510 2518 654 2597 Ioniis,
669 2516 767 2582 edere
780 2514 885 2602 coepit
897 2525 929 2580 et
944 2512 1104 2582 Soleolom
1115 2512 1328 2582 Socraticam

292 2634 366 2698 rice
376 2631 633 2718 pttnseptnm
641 2631 777 2698 soeculo
792 2630 1037 2700 undevicesimo
1051 2642 1172 2714 optem
1182 2633 1327 2710 vocavit,

293 2745 448 2833 quodque
464 2767 540 2812 cum
559 2756 699 2830 utroque
707 2745 766 2810 illo
784 2745 900 2810 flaturi
910 2744 1122 2826 conjunctum
1133 2765 1202 2808 esse
1214 2745 1326 2810 voluit.

293 2858 403 2942 Ipsum
418 2860 504 2924 enim
525 2858 690 2924 audiamus
716 2857 911 2926 dicentemz.
926 2859 1169 2943 «Epistolarum
1199 2860 1328 2945 epilogo

294 2973 492 3058 potissimum
509 2973 543 3036 in
558 2973 787 3059 cogitationem
805 2975 877 3038 veni
894 2973 934 3038 de
951 2973 1054 3040 altero
1072 2974 1327 3056 provectioribus
1409 2971 1412 2977 ’

293 3087 539 3154 Academiarum
556 3088 680 3152 civibus
696 3086 781 3152 libro
792 3087 981 3165 scribendo,
1006 3099 1038 3152 et
1050 3089 1158 3172 prouti
1173 3099 1270 3154 antea
1287 3089 1327 3154 ad

291 3203 424 3290 Alpium
454 3202 577 3273 radices
602 3202 783 3286 junioribus
809 3204 887 3268 meis
915 3203 1025 3268 amicis
1045 3213 1078 3266 et
1096 3200 1262 3287 discipulis
1288 3202 1327 3268 de

292 3319 437 3386 Helvetia
459 3330 491 3384 et
512 3341 587 3386 vero
607 3318 648 3383 de
670 3319 803 3385 veritate
821 3339 860 3382 ac
879 3317 1027 3383 libertato
1046 3317 1258 3402 scripseram,
1282 3319 1327 3382 ita

292 3453 383 3500 nunc
396 3431 476 3497 mihi
495 3431 537 3496 de
548 3431 749 3517 philosophia
765 3431 925 3518 agendum
944 3452 1011 3498 esse
1028 3430 1194 3516 putabam.
1226 3432 1328 3498 lllulta

292 3543 358 3611 huc
378 3545 570 3629 pertinentia
590 3545 625 3610 in
652 3545 780 3615 letitie
806 3546 884 3612 meis
903 3546 1012 3635 [inque
1040 3545 1205 3629 ipsirittis
1234 3544 1326 3631 Epi-

292 3658 396 3726 rtoiir
413 3657 642 3739 disserueram,
664 3660 720 3727 scd
739 3659 814 3728 dati
830 3661 927 3746 operi
942 3675 1017 3726 cum
1027 3658 1141 3725 iisdem
1157 3660 1325 3745 inquirere

293 3770 374 3858 quid
391 3795 472 3838 cero
495 3774 697 3862 philosophia
713 3777 771 3854 sit,
796 3775 900 3861 qualis
918 3793 952 3840 se
976 3772 1131 3860 conjungi
1149 3795 1225 3841 cum
1245 3795 1326 3838 cero

293 3887 449 3974 religione
474 3889 557 3954 sinat
586 3901 617 3954 et
646 3892 692 3959 sic
718 3889 827 3954 indole
853 3890 921 3974 ipse
948 3910 1005 3955 suo
1031 3911 1050 3954 a
1080 3889 1323 3974 superstitione,

294 4079 494 4087 -———-.-----‹

328 4178 355 4241 1)
373 4182 399 4230 P.
418 4181 477 4232 8³0.
