2875 5075
776 514 821 583 28.

279 686 347 751 viro
373 696 442 752 erat
472 682 532 747 tilii
560 682 601 748 ad
627 705 760 749 munera
785 684 892 751 civilia
913 683 1123 770 praeparandi
1142 666 1318 750 consilium·
1365 676 1369 685 ’

278 799 418 864 mittere.
437 800 482 863 Eo
498 798 625 885 aegrius
641 798 697 863 ille
716 820 805 885 spem
824 820 955 878 eorum,
972 818 1055 885 quae
1071 797 1269 881 jamdudum
1277 800 1314 863 in

278 914 359 978 rotis
379 922 490 991 erant,
513 911 704 995 abjiciebat,
729 934 794 1000 quo
816 914 915 999 magis
933 912 1129 993 haesitabat,
1155 934 1313 999 quorsum

279 1025 408 1091 tandem
424 1027 490 1091 sola
506 1027 557 1090 rel
572 1039 659 1093 certe
674 1028 848 1113 praecipua
866 1027 1000 1093 duceret
1019 1019 1311 1113 Wyttenbacbiana

281 1140 447 1207 institutio.
490 1139 555 1205 Sed
577 1142 612 1205 in
636 1140 738 1207 Crassi
759 1141 859 1206 nihilo
879 1141 983 1207 minua
1001 1140 1227 1227 acquiescebat
1237 1162 1310 1207 aen·

283 1255 392 1321 tentia.
676 1230 682 1243 θ

322 1369 436 1456 ltaque
456 1368 633 1449 Henadins,
667 1370 754 1433 omni
779 1368 908 1435 Laidem
926 1368 1085 1456 migrandi
1106 1390 1185 1436 cura
1200 1368 1310 1433 subla·

281 1494 334 1563 ta,
365 1484 453 1548 feriis
482 1484 607 1548 scabris
633 1505 672 1551 a.
699 1484 996 1552 secundanorum
1017 1483 1310 1550 Amatelodomensc

280 1597 433 1687 reliquit,
458 1598 549 1681 cujus
565 1621 585 1663 a
602 1596 714 1664 Crasso
729 1620 793 1663 non
813 1600 919 1665 minus
936 1618 1032 1684 quam
1048 1620 1067 1662 a
1083 1597 1312 1684 condiscipulis

280 1710 378 1775 decue
396 1725 428 1780 ot
447 1721 684 1779 ornamentum
705 1712 892 1779 vocabatur.
906 1710 931 1797 ¹)
955 1712 1042 1778 Abiit
1058 1724 1164 1779 autem
1183 1714 1312 1798 penitus

280 1826 438 1905 tendens,
467 1837 546 1913 quot
570 1828 763 1913 quantisque
779 1826 943 1892 beneficiis
962 1825 1131 1899 devinctus
1151 1827 1262 1891 amicis
1280 1838 1313 1892 et

278 1917 542 2025 praeceptoribus
555 1950 652 2020 esset,
670 1962 810 2028 quorum
824 1942 858 2005 in
874 1942 954 2007 utris
965 1941 1144 2026 Leanepius
1155 1941 1268 2021 fuerit,
1281 1938 1307 2027 ²)

277 2053 521 2141 Wyttenbacbii
529 2076 712 2135 successor,
730 2078 766 2121 ea
775 2056 837 2124 init
850 2055 907 2119 viri
916 2054 1080 2119 clarissimi
1092 2056 1310 2135 familiaritas,

280 2188 377 2253 quam
392 2168 551 2233 Heusdius
567 2168 609 2233 ad
627 2180 771 2233 veterum
790 2169 980 2255 elegantiam
994 2168 1235 2255 percipiendam
1249 2168 1311 2233 sibi

277 2302 473 2367 magnopere
489 2282 639 2367 prodesse
647 2284 823 2368 pauloante
834 2304 892 2369 per
902 2283 1009 2347 literas
1019 2282 1121 2347 arnico
1130 2282 1310 2347 affirmaret

323 2395 593 2461 Amstclodamum
630 2396 788 2462 Heuadius
821 2398 950 2483 ignotus
986 2406 1137 2476 venerat,
1179 2395 1307 2461 beidam

279 2531 340 2578 nco
363 2510 491 2597 ignotus
521 2511 606 2576 venit
637 2522 669 2575 et
695 2511 811 2578 eximio
831 2494 1111 2578 ornatusbcnore.
1146 2511 1226 2576 Nam
1242 2510 1308 2578 buo

280 2626 457 2710 migraturo
491 2625 682 2690 Academiae
716 2622 908 2706 Curatores,
943 2627 1106 2691 annitente
1133 2627 1167 2692 in
1197 2626 1308 2712 primis

277 2736 430 2817 Bcacbio,
451 2738 590 2802 liberum
617 2739 836 2822 praebuerunt
859 2739 980 2804 aditum
997 2738 1037 2804 ad
1059 2737 1308 2805 Ruhnkenianas

279 2861 467 2936 ceterasque
483 2850 632 2935 publicae
645 2850 860 2916 bibliothecae
879 2853 1004 2938 copias,
1022 2853 1107 2933 unde
1117 2864 1186 2917 tum
1194 2853 1307 2918 Ruhn-

277 2964 365 3028 kenii
380 2975 569 3050 congereret
584 2966 815 3052 suppleretque
831 2966 872 3031 ad
885 2966 1095 3032 Scholiastam
1104 2967 1308 3033 Platonicum

277 3077 583 3160 animadversiones,
606 3091 674 3144 tum
690 3101 837 3166 promere
845 3081 913 3164 ipse
923 3091 1047 3165 posset,
1071 3080 1184 3166 siquid
1194 3079 1305 3144 studiis

277 3192 312 3256 in
345 3192 508 3277 publicam
541 3195 685 3260 notitiam
712 3193 910 3279 perferendis
932 3195 1109 3262 inserviret.
1122 3191 1148 3280 ³)
1191 3193 1307 3260 Leidae

277 3307 342 3371 rita
359 3317 426 3372 erat
445 3309 544 3392 priori
555 3309 642 3374 baud
660 3309 837 3388 dissimilis3
857 3307 973 3372 scholis
990 3309 1143 3372 interesse
1159 3319 1189 3371 et
1204 3310 1305 3372 Koes-

277 3421 348 3485 sclii
362 3421 403 3485 dc
418 3421 599 3500 Pandecti's‚
623 3422 738 3488 Kluitii
761 3423 801 3486 de
822 3422 998 3502 Stetistica,
1020 3422 1245 3508 Siegenbeckii
1265 3422 1305 3486 de

277 3535 442 3599 literarum
468 3534 750 3601 Necrlandicarum
775 3534 907 3638 historio
922 3544 953 3597 et
967 3537 1139 3622 praecipue
1154 3537 1304 3622 Wytteu·

279 3757 487 3768 *—

309 3903 335 3968 1)
352 3904 470 3955 lectibus
482 3910 510 3955 et
523 3906 604 3956 Crassi
616 3906 648 3956 ad
664 3905 802 3956 lleuedium
817 3905 898 3954 literis
911 3903 937 3952 d.
953 3902 977 3954 7.
986 3919 1021 3954 m.
1038 3903 1303 3958 Oct.a.18000taer·

273 4006 348 4040 mone
370 4007 385 4040 a
405 3991 520 4041 Praeside
538 3993 660 4041 sodalitii:
686 3993 833 4039 Literna-am
849 3989 940 4039 alodio
955 3991 1089 4038 amicitiae
1105 3993 1252 4056 vinculum,
1277 3993 1301 4041 d.

273 4073 316 4125 24.
333 4091 367 4124 m.
384 4075 444 4128 ltov.
457 4094 480 4127 a.
500 4076 568 4128 1800
582 4079 613 4128 sd
627 4077 725 4127 sodales
743 4075 839 4126 habito.

306 4160 333 4224 2)
352 4163 438 4227 Epire.
455 4163 491 4212 cd
509 4165 600 4214 Orcus.
620 4181 645 4228 p.
663 4162 705 4212 12.

306 4243 332 4310 3)
351 4247 392 4296 stc
409 4254 519 4298 retacta
533 4255 573 4299 eat
586 4251 775 4315 induratorum
791 4261 911 4298 consessu
924 4247 953 4298 d.
972 4245 997 4296 5.
1012 4261 1046 4295 rn.
1065 4248 1132 4312 Sept.
1149 4265 1172 4298 a.
1190 4247 1266 4300 1000.
