2875 5075
14 646 16 673 i

14 674 16 705 l

14 716 15 753 l

14 756 15 773 i

591 528 652 589 169

108 703 293 781 aestimans,
318 720 393 787 quo,
423 700 554 786 propius
587 700 627 764 ad
657 672 764 764 reram
789 698 926 766 bominis
951 700 1139 768 felicitatem

14 840 15 875 1
39 846 43 857 f
108 828 141 882 et
159 817 394 903 perfectionem
414 814 566 879 moralem
592 814 844 901 promovendam
865 815 979 879 referri
996 816 1138 901 possim,

108 930 300 996 medicinam
323 929 455 1016 quidem
482 929 685 1016 physicarum
710 929 852 993 omnium
878 929 1058 1015 principem
1078 952 1140 995 vo·

14 1058 15 1105 3
109 1047 205 1111 cabat
243 1044 375 1131 ejusque
413 1043 569 1109 studiosos
604 1044 814 1108 libentissime
853 1043 1059 1124 hortabatur,
1102 1057 1140 1110 ut

109 1161 230 1247 optima
246 1180 318 1223 cam
345 1159 491 1223 colerent
513 1160 657 1238 ratione,
682 1168 847 1237 tenentes,
868 1158 971 1242 ipsam
991 1182 1009 1227 a
1026 1158 1139 1224 sedula
1198 1225 1203 1240 x

79 1334 83 1342 .
109 1274 504 1360 naturae-investigatione
529 1282 561 1337 et
583 1272 803 1337 observatione
825 1271 945 1351 ordiri,
960 1272 1074 1352 ¹redire
1098 1273 1140 1339 ad
1218 1310 1222 1317 -

109 1388 271 1453 bominem
291 1398 451 1473 oportere.
484 1387 579 1455 llaud
601 1388 711 1452 multis
740 1386 873 1473 quidem
901 1386 1016 1452 barum
1040 1387 1141 1454 disci-

109 1504 272 1589 plinarum
300 1501 448 1569 studiosis
473 1502 592 1566 initiari
626 1502 761 1588 contigit
789 1501 923 1566 lleusdii
952 1502 1140 1567 liberalibus
1180 1572 1185 1583 ,

109 1594 305 1703 minimeque
332 1640 357 1681 c.
375 1615 481 1681 medio
509 1616 616 1701 petitis
641 1616 855 1700 opinionibus.
897 1616 1047 1681 Attamen
1066 1630 1142 1683 sunt

109 1735 142 1801 in
161 1730 270 1811 bisce,
294 1736 435 1818 qnorum
463 1732 499 1794 in
525 1732 638 1795 animis
663 1730 720 1794 ille
744 1730 892 1795 ardorem
916 1752 1027 1796 earum
1052 1731 1141 1815 justa

15 1872 16 1879 ¹
109 1848 239 1913 omnino
260 1849 383 1913 ratione
401 1846 607 1911 colendarum
618 1847 831 1911 suscitaverit.
854 1846 954 1926 Sunt,
971 1845 1030 1933 qui
1047 1868 1141 1912 uam-

110 1982 210 2047 quam
227 1984 290 2026 non
311 1962 394 2048 grati
405 1962 583 2040 fateantur,
602 1959 745 2025 chsdio
764 1982 797 2027 ss
813 1959 854 2024 ad
865 1961 1008 2039 saniores
1025 1982 1142 2047 perre-

111 2076 193 2139 nisse
217 2076 364 2143 notiones
385 2075 425 2143 de
446 2097 522 2140 suae
549 2098 614 2140 uon
635 2086 778 2155 tantum,
802 2074 858 2139 sed
879 2074 1022 2141 affinium
1042 2077 1140 2143 etiam

111 2190 353 2277 disciplinarum
371 2190 477 2257 studio
497 2202 528 2255 et
549 2192 752 2276 proposito.»

152 2305 265 2374 Redeo
280 2304 365 2372 unde
382 2304 498 2371 deflexi
510 2328 527 2385 ;,
540 2306 566 2369 si
585 2305 680 2371 modo
701 2304 818 2370 deflexi
835 2305 922 2369 illius
949 2326 1142 2370 commemo·

112 2420 233 2486 ratione
254 2421 331 2499 riri,
355 2421 413 2507 qui
442 2420 493 2484 sui
520 2420 612 2485 bonis
638 2421 786 2485 omnibus
814 2431 852 2483 ut
872 2421 1143 2505 exspectationem

109 2547 252 2602 moverat
267 2534 511 2614 summam,:ita
533 2534 748 2598 tristissimum
773 2534 907 2620 reliquit
930 2532 1141 2613 desiderium,

109 2671 210 2736 quem
234 2647 394 2714 Heusdius
420 2649 598 2735 plurimum
626 2648 757 2727 dilexit,
781 2648 944 2734 cujusque
963 2646 1050 2712 baud
1076 2620 1141 2712 ‹lid-

110 2763 229 2830 similes
269 2762 415 2828 alumnos
450 2763 564 2828 literis.
592 2775 623 2828 et
661 2763 813 2828 historiae
848 2763 889 2827 ad
923 2759 1144 2849 npocurdalns

110 2881 237 2966 plures,
280 2899 340 2943 uec
380 2875 497 2945 frustra
540 2899 682 2964 semper,
723 2863 873 2965 eaoptans
909 2876 1143 2964 praemntissi·

111 3010 237 3060 marum
262 2991 503 3079 disoiplinsrum
531 2993 707 3074 studiosos,
739 2993 880 3059 addebat
913 2994 981 3058 lere
1010 2993 1143 3078 caspias

101 3107 223 3195 fissan.
730 3174 732 3177 ,
804 3109 809 3116 ’

153 3222 217 3288 Sed
228 3221 489 3308 quandoquidem
500 3220 540 3286 do
556 3221 996 3298 Heusdiauaeinstitutiouis,
1013 3218 1143 3302 tcriptls

111 3335 337 3416 confirmatae,
350 3347 512 3404 momento
529 3337 733 3422 suspicabar,
752 3335 836 3400 illud
854 3355 896 3398 ne
912 3333 1092 3427 mittamus,
1107 3332 1142 3396 in

111 3450 294 3538 quod,nisi
304 3462 417 3536 sponte
434 3462 489 3516 tua
499 3449 786 3537 incideres,ipsite
797 3447 1142 3533 adducerentscripto-
1181 3482 1186 3499 i

110 3587 171 3632 res.
204 3565 278 3629 Post
295 3563 428 3629 Heusdii
446 3566 530 3629 enim
550 3565 861 3651 Encpclopaediom
882 3563 966 3628 duae
982 3564 1017 3628 in
1036 3564 1141 3650 patria

111 3692 216 3746 nostra
230 3679 418 3766 prodierunt
428 3681 718 3770 Enoyclopcedice
726 3681 926 3766 peculiares,
941 3701 1080 3767 quarum
1090 3679 1141 3742 al-

14 3815 15 3818 ’
111 3807 179 3860 tera
195 3794 480 3881 jurisprudentiam
497 3797 722 3882 complectitur
741 3797 926 3884 scriptaque
944 3805 990 3858 est
1016 3816 1034 3858 a
1059 3793 1141 3859 Clar.

111 3911 180 3978 Den
200 3911 281 3992 Tar,
294 3909 376 3993 juris
395 3911 429 3974 in
455 3909 619 3976 Athenaeo
637 3911 926 3976 Amstelodamensi
946 3908 1143 3973 Psolcssors.

111 4027 188 4106 Hic,
212 4025 291 4112 quid
307 4025 363 4089 -de
386 4025 602 4110 praeceptoris
630 4045 728 4110 opero
757 4037 788 4090 et
820 4015 969 4089 universo
997 4014 1030 4086 ct
1065 4016 1144 4084 vero

14 4219 15 4222 Ἴ
112 4151 203 4226 parte
215 4163 268 4220 ea,
287 4161 351 4228 qua
367 4140 401 4218 in
412 4138 594 4225 disciplinas
602 4139 760 4224 juridicos
777 4140 980 4226 maximeque
993 4135 1140 4223 politicas
1226 4177 1230 4182 -

113 4255 306 4344 inquiritur,
331 4264 505 4336 statueret,
530 4255 672 4336 dudum,
698 4256 884 4340 conscriptis
911 4252 1141 4330 relationibus,
