2875 5075
783 499 845 561 172

296 668 482 757 Superiora
492 683 523 736 et
535 671 568 734 iu
581 668 703 737 Solsolu
718 670 911 751 Socratica,
926 684 1082 758 quatenus
1101 670 1232 758 quidem
1246 671 1324 736 illic

295 784 487 871 philosopha
514 785 636 849 ratione
673 787 737 849 sim
765 786 906 872 explicat
936 787 1123 851 historicos
1149 788 1323 853 institutio·

295 900 344 965 nis
366 899 406 964 ad
435 898 596 965 hominem
628 910 659 964 et
685 922 786 987 genus
813 900 990 965 humanum
1018 903 1063 966 ita
1092 901 1322 982 excolendum,

295 1023 332 1077 ut
363 1034 457 1077 sensu
493 1013 672 1079 Christiano
699 1015 864 1079 imbuatur
894 1037 932 1080 ac
958 1016 1136 1095 nutriatur,
1168 1016 1226 1080 lslc
1251 1037 1324 1081 sero

296 1128 581 1193 omnium'artium
618 1140 717 1214 atque
751 1128 994 1215 disciplinarum
1030 1132 1257 1217 cognationem
1295 1143 1325 1195 et

295 1243 462 1309 vinculum
496 1244 615 1329 pariter
648 1242 837 1329 philosopha
877 1244 999 1309 ratione
1034 1244 1165 1332 indagat
1205 1257 1239 1310 et
1274 1268 1325 1309 ex·

295 1358 404 1443 pouit,
428 1368 461 1423 et
487 1359 532 1423 sic
567 1368 632 1423 tam
658 1357 777 1424 indicia
807 1359 922 1439 tradit,
954 1359 1040 1424 unde
1067 1358 1256 1445 proficiatur
1285 1359 1325 1424 ad

291 1471 412 1555 justam
434 1471 614 1558 theologiae
644 1491 718 1537 cum
752 1474 838 1539 omni
864 1484 971 1540 nostru
1000 1486 1070 1538 arte
1096 1486 1129 1538 et
1157 1474 1327 1560 disciplina

297 1586 575 1671 conjunctionem,
589 1609 685 1674 quam
697 1590 879 1673 exemplum
892 1589 1042 1673 praehet,
1055 1588 1326 1675 quemadmodum

296 1702 439 1767 diversae
473 1724 604 1790 quoque
633 1704 813 1790 theologiae
834 1703 1030 1770 Christianae
1065 1716 1171 1789 partes
1204 1704 1326 1790 possint
1353 1781 1361 1787 .

298 1841 335 1882 ex
354 1839 419 1883 uno
439 1820 598 1904 principio
624 1818 719 1899 duci,
744 1819 834 1884 evehi
851 1819 891 1884 ad
918 1842 1019 1885 uuum
1042 1820 1253 1905 propositum.
1267 1840 1284 1880 o
1297 1815 1325 1905 ¹)

296 1934 384 1999 Haec
395 1932 496 2020 igitur
506 1932 569 1997 illis
579 1933 614 1997 in
625 1932 796 2018 Symbols's
805 1934 1026 2020 disputantur,
1040 1956 1176 2021 quarum
1187 1936 1328 2018 scripto-

297 2068 347 2116 res
375 2048 442 2113 sive
465 2050 603 2113 excitant
625 2048 665 2113 sd
690 2048 961 2135 investigandum,
978 2084 1019 2097 -··
1037 2048 1198 2135 quomodo
1218 2048 1329 2133 philo·

298 2162 415 2248 sophos
432 2162 628 2229 Christianus
648 2162 751 2227 libere
767 2163 932 2250 nullisque
947 2164 1083 2227 vinculis
1100 2151 1337 2248 impedituris

298 2277 451 2345 interiore
468 2288 602 2341 naturae
620 2277 778 2341 humanae
791 2278 1059 2363 contemplatione
1078 2278 1196 2343 versari
1207 2279 1326 2363 possit,

299 2413 397 2479 quam
418 2392 482 2455 visu
501 2391 581 2455 haec
601 2387 669 2475 ejus
687 2390 890 2477 philosophia
910 2392 946 2455 iu
966 2394 1034 2478 ipsa
1060 2394 1107 2457 rei
1130 2391 1329 2460 Christianae

177 2567 180 2574 .
280 2506 569 2593 contemplatione
603 2506 722 2573 hahere
750 2518 782 2572 et
811 2509 911 2594 possit
938 2518 971 2572 et
1000 2507 1135 2588 debeat,
1165 2506 1329 2594 quomodo
1407 2561 1411 2568 .

300 2625 460 2710 theologis
490 2635 522 2688 et
557 2623 662 2688 ethica
686 2622 878 2710 philosopha
909 2613 984 2688 cum
1014 2619 1203 2710 Christiana}
1222 2624 1326 2710 possit

299 2760 339 2834 ac
357 2739 472 2804 debeat
501 2737 672 2825 conjungi,
697 2737 777 2824 quid
801 2737 1002 2824 philosophia
1029 2737 1206 2804 Christiana
1234 2739 1277 2801 sit
1297 2749 1330 2802 et

299 2873 351 2916 res
369 2853 545 2922 Christiana
560 2853 768 2939 philosopha,
791 2865 889 2940 atque
906 2864 1043 2940 utroque
1056 2851 1331 2940 quemadmodum

300 2977 332 3031 et
342 2966 566 3056 distinguenda
576 2978 609 3031 et
624 2949 801 3033 arctissime
813 2967 1033 3034 connectenda
1043 2970 1102 3048 sit,
1116 2968 1225 3031 -sive
1236 2987 1331 3029 meu-

262 3121 271 3142 »
299 3083 419 3146 tionem
448 3083 499 3146 sel
530 3084 579 3148 sui
608 3083 732 3147 faciunt
768 3084 817 3146 sel
847 3084 1005 3150 librorum
1034 3106 1053 3148 a
1081 3105 1117 3149 se
1147 3082 1328 3160 editorum,

299 3197 432 3264 Heusdii
459 3219 575 3263 nomen
605 3197 839 3283 perhonorifice
864 3209 1040 3284 usurpant,
1074 3198 1328 3275 iustitutionem,

300 3313 436 3398 scripta,
450 3312 760 3398 Euoyclopoediom
772 3314 807 3377 in
823 3312 934 3399 primis
948 3312 1114 3377 celebrant
1127 3322 1226 3397 atque
1240 3331 1335 3384 cous·¹
1420 3357 1421 3363 κ

301 3424 509 3512 mendaut²);
543 3449 681 3513 quarum
713 3427 853 3514 denique
880 3449 898 3491 e
931 3427 1141 3513 scriptoribus
1175 3402 1329 3490 Parasino

301 3559 391 3604 meus
410 3538 489 3604 haec
506 3541 585 3604 mihi
604 3543 788 3627 nuperrimo
805 3542 949 3627 scripsit:
976 3540 1042 3604 ude
1060 3540 1192 3605 Heusdii
1211 3541 1237 3602 si
1256 3539 1330 3626 quis

301 3655 429 3740 quaerit
462 3657 494 3718 in
524 3667 663 3720 nostram
694 3656 873 3744 theologiae
902 3655 1055 3722 colendae
1085 3649 1329 3743 tradendaeque
1358 3680 1361 3686 ·

300 3770 454 3834 rationem
480 3772 620 3852 meritis,
652 3784 726 3836 sunt
754 3771 831 3836 haec
858 3793 932 3837 sane
958 3774 1043 3848 saria
1074 3793 1178 3859 neque
1209 3769 1252 3834 ad
1271 3791 1329 3833 uos

305 4011 505 4026 W

335 4169 362 4234 ι)
384 4171 524 4222 orasses
535 4174 565 4220 o·
582 4172 676 4236 reesa,
695 4189 717 4222 s.
735 4171 856 4237 183⁷,p.
873 4156 940 4222 sos'

336 4255 362 4320 2)
380 4257 441 4308 Eud.
457 4273 482 4322 p.
497 4255 564 4322 792,
579 4275 601 4308 a.
619 4257 700 4323 1838,
718 4277 743 4324 p.
756 4259 807 4309 593
819 4265 846 4309 et
861 4278 884 4312 a.
901 4257 984 4325 1840,
1003 4277 1029 4325 p.
1045 4258 1096 4310 597
1113 4266 1140 4308 et
1155 4257 1215 4308 607.
