<?xml version="1.0" encoding="UTF-8"?>
<!DOCTYPE html PUBLIC "-//W3C//DTD XHTML 1.0 Transitional//EN"
    "http://www.w3.org/TR/xhtml1/DTD/xhtml1-transitional.dtd">
<html xmlns="http://www.w3.org/1999/xhtml" xml:lang="en" lang="en">
 <head>
  <title>
</title>
<meta http-equiv="Content-Type" content="text/html;charset=utf-8" />
  <meta name='ocr-system' content='tesseract 3.04.00' />
  <meta name='ocr-capabilities' content='ocr_page ocr_carea ocr_par ocr_line ocrx_word'/>
</head>
<body>
  <div class='ocr_page' id='page_1' title='image "./memoriaheusdii00rovegoog_0252.png"; bbox 0 0 2875 5075; ppageno 0'>
   <div class='ocr_carea' id='block_1_1' title="bbox 612 487 676 548">
    <p class='ocr_par' dir='ltr' id='par_1_1' title="bbox 612 487 676 548">
     <span class='ocr_line' id='line_1_1' title="bbox 612 487 676 548; baseline 0 -1"><span class='ocrx_word' id='word_1_1' title='bbox 612 487 676 548; x_wconf 87' lang='lat'><strong>241</strong></span> 
     </span>
    </p>
   </div>
   <div class='ocr_carea' id='block_1_2' title="bbox 125 657 1154 861">
    <p class='ocr_par' dir='ltr' id='par_1_2' title="bbox 125 657 1154 861">
     <span class='ocr_line' id='line_1_2' title="bbox 126 657 1152 750; baseline 0.004 -29"><span class='ocrx_word' id='word_1_2' title='bbox 126 658 257 745; x_wconf 75' lang='lat' dir='ltr'><strong>negabit</strong></span> <span class='ocrx_word' id='word_1_3' title='bbox 282 658 404 723; x_wconf 75' lang='lat' dir='ltr'><strong>luisse?</strong></span> <span class='ocrx_word' id='word_1_4' title='bbox 456 657 531 722; x_wconf 80' lang='lat' dir='ltr'><strong>Erat</strong></span> <span class='ocrx_word' id='word_1_5' title='bbox 565 666 689 750; x_wconf 80' lang='lat' dir='ltr'><strong>autem,</strong></span> <span class='ocrx_word' id='word_1_6' title='bbox 732 670 770 723; x_wconf 90' lang='lat' dir='ltr'><strong>ut</strong></span> <span class='ocrx_word' id='word_1_7' title='bbox 798 660 920 725; x_wconf 92' lang='lat' dir='ltr'><strong>dudum</strong></span> <span class='ocrx_word' id='word_1_8' title='bbox 954 663 1110 741; x_wconf 83' lang='lat' dir='ltr'><strong>iudicari,</strong></span> <span class='ocrx_word' id='word_1_9' title='bbox 1126 661 1152 749; x_wconf 90' lang='grc'><strong>1)</strong></span> 
     </span>
     <span class='ocr_line' id='line_1_3' title="bbox 125 773 1154 861; baseline 0.006 -26"><span class='ocrx_word' id='word_1_10' title='bbox 125 774 247 856; x_wconf 87' lang='lat' dir='ltr'><strong>patriae</strong></span> <span class='ocrx_word' id='word_1_11' title='bbox 269 773 512 839; x_wconf 83' lang='lat' dir='ltr'><strong>amantissimus.</strong></span> <span class='ocrx_word' id='word_1_12' title='bbox 558 775 663 856; x_wconf 84' lang='lat' dir='ltr'><strong>Quum</strong></span> <span class='ocrx_word' id='word_1_13' title='bbox 698 774 918 839; x_wconf 84' lang='lat' dir='ltr'><strong>calamitosum</strong></span> <span class='ocrx_word' id='word_1_14' title='bbox 947 788 1029 840; x_wconf 80' lang='lat' dir='ltr'><strong>esset</strong></span> <span class='ocrx_word' id='word_1_15' title='bbox 1051 781 1154 861; x_wconf 85' lang='lat' dir='ltr'><strong>patria</strong></span> 
     </span>
    </p>
   </div>
   <div class='ocr_carea' id='block_1_3' title="bbox 9 888 1155 974">
    <p class='ocr_par' dir='ltr' id='par_1_3' title="bbox 9 888 1155 974">
     <span class='ocr_line' id='line_1_4' title="bbox 9 888 1155 974; baseline 0.005 -24"><span class='ocrx_word' id='word_1_16' title='bbox 9 962 10 965; x_wconf 7' lang='grc' dir='ltr'><strong>Ἴ</strong></span> <span class='ocrx_word' id='word_1_17' title='bbox 127 906 237 951; x_wconf 87' lang='lat' dir='ltr'><strong>carere</strong></span> <span class='ocrx_word' id='word_1_18' title='bbox 254 908 393 973; x_wconf 82' lang='lat' dir='ltr'><strong>proque</strong></span> <span class='ocrx_word' id='word_1_19' title='bbox 413 888 550 967; x_wconf 83' lang='lat' dir='ltr'><strong>viveret,</strong></span> <span class='ocrx_word' id='word_1_20' title='bbox 570 889 618 953; x_wconf 85' lang='lat' dir='ltr'><strong>his</strong></span> <span class='ocrx_word' id='word_1_21' title='bbox 637 890 730 956; x_wconf 84' lang='lat' dir='ltr'><strong>terrie</strong></span> <span class='ocrx_word' id='word_1_22' title='bbox 748 913 766 953; x_wconf 88' lang='lat' dir='ltr'><strong>a</strong></span> <span class='ocrx_word' id='word_1_23' title='bbox 783 889 980 974; x_wconf 85' lang='lat' dir='ltr'><strong>Napoleonte</strong></span> <span class='ocrx_word' id='word_1_24' title='bbox 1001 892 1155 956; x_wconf 85' lang='lat' dir='ltr'><strong>Franciae</strong></span> 
     </span>
    </p>
   </div>
   <div class='ocr_carea' id='block_1_4' title="bbox 124 1000 1154 1318">
    <p class='ocr_par' dir='ltr' id='par_1_4' title="bbox 124 1000 1154 1318">
     <span class='ocr_line' id='line_1_5' title="bbox 124 1000 1134 1091; baseline 0.005 -27"><span class='ocrx_word' id='word_1_25' title='bbox 124 1000 278 1083; x_wconf 74' lang='lat' dir='ltr'><strong>adjectis,</strong></span> <span class='ocrx_word' id='word_1_26' title='bbox 302 1002 428 1085; x_wconf 87' lang='lat' dir='ltr'><strong>penitus</strong></span> <span class='ocrx_word' id='word_1_27' title='bbox 449 1003 553 1065; x_wconf 82' lang='lat' dir='ltr'><strong>sensit.</strong></span> <span class='ocrx_word' id='word_1_28' title='bbox 601 1026 618 1066; x_wconf 86' lang='grc' dir='ltr'><strong>ιι</strong></span> <span class='ocrx_word' id='word_1_29' title='bbox 628 1006 673 1070; x_wconf 81' lang='lat' dir='ltr'><strong>En</strong></span> <span class='ocrx_word' id='word_1_30' title='bbox 696 1016 760 1067; x_wconf 91' lang='lat' dir='ltr'><strong>tem</strong></span> <span class='ocrx_word' id='word_1_31' title='bbox 774 1025 854 1089; x_wconf 87' lang='lat' dir='ltr'><strong>pore</strong></span> <span class='ocrx_word' id='word_1_32' title='bbox 881 1039 915 1051; x_wconf 86' lang='lat'><strong>·-</strong></span> <span class='ocrx_word' id='word_1_33' title='bbox 938 1005 1045 1091; x_wconf 91' lang='lat' dir='ltr'><strong>inquit</strong></span> <span class='ocrx_word' id='word_1_34' title='bbox 1066 1008 1134 1069; x_wconf 57' lang='lat' dir='ltr'><strong>⁴--ri</strong></span> 
     </span>
     <span class='ocr_line' id='line_1_6' title="bbox 125 1112 1154 1205; baseline 0.009 -28"><span class='ocrx_word' id='word_1_35' title='bbox 125 1132 250 1179; x_wconf 79' lang='lat' dir='ltr'><strong>eramus</strong></span> <span class='ocrx_word' id='word_1_36' title='bbox 274 1112 399 1194; x_wconf 87' lang='lat' dir='ltr'><strong>affecti,</strong></span> <span class='ocrx_word' id='word_1_37' title='bbox 428 1128 464 1180; x_wconf 87' lang='lat' dir='ltr'><strong>nt</strong></span> <span class='ocrx_word' id='word_1_38' title='bbox 487 1127 612 1205; x_wconf 74' lang='lat' dir='ltr'><strong>nostrae</strong></span> <span class='ocrx_word' id='word_1_39' title='bbox 636 1120 717 1182; x_wconf 88' lang='lat' dir='ltr'><strong>vitae</strong></span> <span class='ocrx_word' id='word_1_40' title='bbox 745 1118 943 1203; x_wconf 87' lang='lat' dir='ltr'><strong>principium</strong></span> <span class='ocrx_word' id='word_1_41' title='bbox 973 1120 1035 1182; x_wconf 80' lang='lat' dir='ltr'><strong>rim</strong></span> <span class='ocrx_word' id='word_1_42' title='bbox 1064 1143 1154 1185; x_wconf 85' lang='lat' dir='ltr'><strong>enam</strong></span> 
     </span>
     <span class='ocr_line' id='line_1_7' title="bbox 124 1229 1154 1318; baseline 0.009 -26"><span class='ocrx_word' id='word_1_43' title='bbox 124 1230 266 1293; x_wconf 78' lang='lat' dir='ltr'><strong>amisisse</strong></span> <span class='ocrx_word' id='word_1_44' title='bbox 285 1229 448 1295; x_wconf 77' lang='lat' dir='ltr'><strong>videretur</strong></span> <span class='ocrx_word' id='word_1_45' title='bbox 471 1252 594 1318; x_wconf 87' lang='lat' dir='ltr'><strong>nosque</strong></span> <span class='ocrx_word' id='word_1_46' title='bbox 618 1234 652 1296; x_wconf 93' lang='lat' dir='ltr'><strong>in</strong></span> <span class='ocrx_word' id='word_1_47' title='bbox 670 1231 738 1296; x_wconf 79' lang='lat' dir='ltr'><strong>dieo</strong></span> <span class='ocrx_word' id='word_1_48' title='bbox 762 1233 987 1297; x_wconf 77' lang='lat' dir='ltr'><strong>miserabiliter</strong></span> <span class='ocrx_word' id='word_1_49' title='bbox 1008 1234 1154 1301; x_wconf 85' lang='lat' dir='ltr'><strong>tabeooe·</strong></span> 
     </span>
    </p>
   </div>
   <div class='ocr_carea' id='block_1_5' title="bbox 13 1337 1152 1433">
    <p class='ocr_par' dir='ltr' id='par_1_5' title="bbox 13 1337 1152 1433">
     <span class='ocr_line' id='line_1_8' title="bbox 13 1337 1152 1433; baseline 0.008 -29"><span class='ocrx_word' id='word_1_50' title='bbox 13 1428 17 1433; x_wconf 14' lang='grc' dir='ltr'><strong>Υ</strong></span> <span class='ocrx_word' id='word_1_51' title='bbox 125 1340 316 1429; x_wconf 66' lang='lat' dir='ltr'><strong>remunin)</strong></span> <span class='ocrx_word' id='word_1_52' title='bbox 370 1345 496 1426; x_wconf 84' lang='lat' dir='ltr'><strong>Quare,</strong></span> <span class='ocrx_word' id='word_1_53' title='bbox 529 1356 635 1411; x_wconf 84' lang='lat' dir='ltr'><strong>nostra</strong></span> <span class='ocrx_word' id='word_1_54' title='bbox 673 1346 765 1411; x_wconf 85' lang='lat' dir='ltr'><strong>nobie</strong></span> <span class='ocrx_word' id='word_1_55' title='bbox 804 1345 931 1411; x_wconf 86' lang='lat' dir='ltr'><strong>reddita</strong></span> <span class='ocrx_word' id='word_1_56' title='bbox 957 1337 1152 1433; x_wconf 66' lang='grc' dir='ltr'><strong><em>αὐτονομίᾳ,</em></strong></span> 
     </span>
    </p>
   </div>
   <div class='ocr_carea' id='block_1_6' title="bbox 86 1458 1203 2805">
    <p class='ocr_par' dir='ltr' id='par_1_6' title="bbox 86 1458 1203 2805">
     <span class='ocr_line' id='line_1_9' title="bbox 125 1458 1154 1554; baseline 0.003 -34"><span class='ocrx_word' id='word_1_57' title='bbox 125 1474 326 1554; x_wconf 78' lang='lat' dir='ltr'><strong>summopere</strong></span> <span class='ocrx_word' id='word_1_58' title='bbox 355 1458 551 1539; x_wconf 88' lang='lat' dir='ltr'><strong>laetabatur,</strong></span> <span class='ocrx_word' id='word_1_59' title='bbox 576 1462 675 1546; x_wconf 91' lang='lat' dir='ltr'><strong>inque</strong></span> <span class='ocrx_word' id='word_1_60' title='bbox 706 1461 811 1540; x_wconf 91' lang='lat' dir='ltr'><strong>bono,</strong></span> <span class='ocrx_word' id='word_1_61' title='bbox 835 1460 925 1546; x_wconf 86' lang='lat' dir='ltr'><strong>quod</strong></span> <span class='ocrx_word' id='word_1_62' title='bbox 952 1461 1042 1525; x_wconf 84' lang='lat' dir='ltr'><strong>nobis</strong></span> <span class='ocrx_word' id='word_1_63' title='bbox 1069 1462 1154 1525; x_wconf 86' lang='lat' dir='ltr'><strong>obti-</strong></span> 
     </span>
     <span class='ocr_line' id='line_1_10' title="bbox 124 1572 1152 1661; baseline 0.002 -24"><span class='ocrx_word' id='word_1_64' title='bbox 124 1582 232 1659; x_wconf 82' lang='lat' dir='ltr'><strong>gerat,</strong></span> <span class='ocrx_word' id='word_1_65' title='bbox 258 1584 348 1659; x_wconf 85' lang='lat' dir='ltr'><strong>grate</strong></span> <span class='ocrx_word' id='word_1_66' title='bbox 365 1572 580 1659; x_wconf 88' lang='lat' dir='ltr'><strong>praedicando</strong></span> <span class='ocrx_word' id='word_1_67' title='bbox 603 1574 737 1661; x_wconf 84' lang='lat' dir='ltr'><strong>cedebat</strong></span> <span class='ocrx_word' id='word_1_68' title='bbox 761 1575 891 1639; x_wconf 88' lang='lat' dir='ltr'><strong>nemini.</strong></span> <span class='ocrx_word' id='word_1_69' title='bbox 930 1576 1009 1639; x_wconf 80' lang='lat' dir='ltr'><strong>Exin</strong></span> <span class='ocrx_word' id='word_1_70' title='bbox 1030 1577 1152 1661; x_wconf 90' lang='lat' dir='ltr'><strong>qualia·</strong></span> 
     </span>
     <span class='ocr_line' id='line_1_11' title="bbox 124 1684 1203 1778; baseline 0.003 -28"><span class='ocrx_word' id='word_1_71' title='bbox 124 1706 266 1773; x_wconf 87' lang='lat' dir='ltr'><strong>numque</strong></span> <span class='ocrx_word' id='word_1_72' title='bbox 300 1684 422 1774; x_wconf 75' lang='lat' dir='ltr'>patriae</span> <span class='ocrx_word' id='word_1_73' title='bbox 455 1700 631 1754; x_wconf 82' lang='lat' dir='ltr'><strong>creuerunt</strong></span> <span class='ocrx_word' id='word_1_74' title='bbox 667 1688 803 1778; x_wconf 83' lang='lat' dir='ltr'><strong>fierique</strong></span> <span class='ocrx_word' id='word_1_75' title='bbox 838 1687 879 1752; x_wconf 88' lang='lat' dir='ltr'><strong>ad</strong></span> <span class='ocrx_word' id='word_1_76' title='bbox 915 1688 984 1771; x_wconf 82' lang='lat' dir='ltr'><strong>ejus</strong></span> <span class='ocrx_word' id='word_1_77' title='bbox 1017 1690 1153 1753; x_wconf 80' lang='lat' dir='ltr'><strong>salutem</strong></span> <span class='ocrx_word' id='word_1_78' title='bbox 1201 1764 1203 1778; x_wconf 31' lang='grc'>1</span> 
     </span>
     <span class='ocr_line' id='line_1_12' title="bbox 123 1800 1151 1889; baseline 0.004 -26"><span class='ocrx_word' id='word_1_79' title='bbox 123 1800 372 1885; x_wconf 76' lang='lat' dir='ltr'><strong>promovendam</strong></span> <span class='ocrx_word' id='word_1_80' title='bbox 392 1812 558 1887; x_wconf 86' lang='lat' dir='ltr'><strong>poterant,</strong></span> <span class='ocrx_word' id='word_1_81' title='bbox 583 1800 663 1866; x_wconf 90' lang='lat' dir='ltr'><strong>haec</strong></span> <span class='ocrx_word' id='word_1_82' title='bbox 690 1804 719 1865; x_wconf 89' lang='lat' dir='ltr'><strong>ei</strong></span> <span class='ocrx_word' id='word_1_83' title='bbox 741 1823 838 1866; x_wconf 84' lang='lat' dir='ltr'><strong>curae</strong></span> <span class='ocrx_word' id='word_1_84' title='bbox 861 1802 1018 1889; x_wconf 82' lang='lat' dir='ltr'><strong>cordique</strong></span> <span class='ocrx_word' id='word_1_85' title='bbox 1043 1815 1151 1881; x_wconf 88' lang='lat' dir='ltr'><strong>erant,</strong></span> 
     </span>
     <span class='ocr_line' id='line_1_13' title="bbox 123 1916 1154 2002; baseline 0.004 -25"><span class='ocrx_word' id='word_1_86' title='bbox 123 1925 155 1977; x_wconf 89' lang='lat' dir='ltr'><strong>et</strong></span> <span class='ocrx_word' id='word_1_87' title='bbox 178 1934 300 1979; x_wconf 79' lang='lat' dir='ltr'><strong>summa</strong></span> <span class='ocrx_word' id='word_1_88' title='bbox 321 1916 440 1980; x_wconf 79' lang='lat' dir='ltr'><strong>virium</strong></span> <span class='ocrx_word' id='word_1_89' title='bbox 461 1916 636 1980; x_wconf 86' lang='lat' dir='ltr'><strong>intentione</strong></span> <span class='ocrx_word' id='word_1_90' title='bbox 663 1938 700 1981; x_wconf 88' lang='lat' dir='ltr'><strong>ac</strong></span> <span class='ocrx_word' id='word_1_91' title='bbox 728 1919 892 2002; x_wconf 78' lang='lat' dir='ltr'><strong>voluptate</strong></span> <span class='ocrx_word' id='word_1_92' title='bbox 911 1918 1091 1996; x_wconf 76' lang='lat' dir='ltr'><strong>nitebatur,</strong></span> <span class='ocrx_word' id='word_1_93' title='bbox 1117 1928 1154 1981; x_wconf 87' lang='lat' dir='ltr'><strong>ut</strong></span> 
     </span>
     <span class='ocr_line' id='line_1_14' title="bbox 121 2027 1152 2116; baseline 0.004 -24"><span class='ocrx_word' id='word_1_94' title='bbox 121 2027 271 2115; x_wconf 78' lang='lat' dir='ltr'><strong>diligenti</strong></span> <span class='ocrx_word' id='word_1_95' title='bbox 282 2028 461 2113; x_wconf 72' lang='lat' dir='ltr'><strong>juventutis</strong></span> <span class='ocrx_word' id='word_1_96' title='bbox 476 2028 611 2115; x_wconf 71' lang='grc' dir='ltr'><strong>παιδείᾳ</strong></span> <span class='ocrx_word' id='word_1_97' title='bbox 628 2032 750 2115; x_wconf 86' lang='lat' dir='ltr'><strong>patriae</strong></span> <span class='ocrx_word' id='word_1_98' title='bbox 766 2031 941 2116; x_wconf 78' lang='lat' dir='ltr'><strong>prodesset.</strong></span> <span class='ocrx_word' id='word_1_99' title='bbox 974 2033 1052 2095; x_wconf 85' lang='lat' dir='ltr'><strong>Nam</strong></span> <span class='ocrx_word' id='word_1_100' title='bbox 1064 2032 1152 2097; x_wconf 87' lang='lat' dir='ltr'><strong>hune</strong></span> 
     </span>
     <span class='ocr_line' id='line_1_15' title="bbox 120 2142 1150 2231; baseline 0.002 -24"><span class='ocrx_word' id='word_1_101' title='bbox 120 2142 161 2207; x_wconf 90' lang='lat' dir='ltr'><strong>de</strong></span> <span class='ocrx_word' id='word_1_102' title='bbox 189 2144 290 2229; x_wconf 81' lang='lat' dir='ltr'><strong>ipriun</strong></span> <span class='ocrx_word' id='word_1_103' title='bbox 323 2146 479 2209; x_wconf 88' lang='lat' dir='ltr'><strong>sententia</strong></span> <span class='ocrx_word' id='word_1_104' title='bbox 511 2142 688 2210; x_wconf 86' lang='lat' dir='ltr'><strong>studiorum</strong></span> <span class='ocrx_word' id='word_1_105' title='bbox 725 2147 868 2211; x_wconf 85' lang='lat' dir='ltr'><strong>fructum</strong></span> <span class='ocrx_word' id='word_1_106' title='bbox 903 2168 971 2209; x_wconf 77' lang='lat' dir='ltr'><strong>esne</strong></span> <span class='ocrx_word' id='word_1_107' title='bbox 1005 2158 1150 2231; x_wconf 78' lang='lat' dir='ltr'><strong>oportet,</strong></span> 
     </span>
     <span class='ocr_line' id='line_1_16' title="bbox 121 2258 1153 2347; baseline 0 -24"><span class='ocrx_word' id='word_1_108' title='bbox 121 2270 157 2323; x_wconf 91' lang='lat' dir='ltr'><strong>ut</strong></span> <span class='ocrx_word' id='word_1_109' title='bbox 182 2258 221 2322; x_wconf 86' lang='lat' dir='ltr'><strong>iis</strong></span> <span class='ocrx_word' id='word_1_110' title='bbox 258 2259 376 2344; x_wconf 87' lang='lat' dir='ltr'><strong>optime</strong></span> <span class='ocrx_word' id='word_1_111' title='bbox 409 2280 654 2344; x_wconf 77' lang='lat' dir='ltr'><strong>praeparemur,</strong></span> <span class='ocrx_word' id='word_1_112' title='bbox 688 2262 746 2346; x_wconf 90' lang='lat' dir='ltr'><strong>qui</strong></span> <span class='ocrx_word' id='word_1_113' title='bbox 775 2259 948 2347; x_wconf 91' lang='lat' dir='ltr'><strong>aliquando</strong></span> <span class='ocrx_word' id='word_1_114' title='bbox 986 2275 1050 2324; x_wconf 88' lang='lat' dir='ltr'><strong>uon</strong></span> <span class='ocrx_word' id='word_1_115' title='bbox 1079 2273 1153 2325; x_wconf 86' lang='lat' dir='ltr'><strong>tnn-</strong></span> 
     </span>
     <span class='ocr_line' id='line_1_17' title="bbox 121 2372 1151 2461; baseline 0.004 -26"><span class='ocrx_word' id='word_1_116' title='bbox 121 2382 189 2435; x_wconf 89' lang='lat' dir='ltr'><strong>tum</strong></span> <span class='ocrx_word' id='word_1_117' title='bbox 216 2372 374 2437; x_wconf 81' lang='lat' dir='ltr'><strong>nobismet</strong></span> <span class='ocrx_word' id='word_1_118' title='bbox 397 2374 473 2458; x_wconf 83' lang='lat' dir='ltr'><strong>ipsis</strong></span> <span class='ocrx_word' id='word_1_119' title='bbox 502 2374 660 2453; x_wconf 78' lang='lat' dir='ltr'><strong>vivamus,</strong></span> <span class='ocrx_word' id='word_1_120' title='bbox 692 2374 747 2437; x_wconf 87' lang='lat' dir='ltr'><strong>sed</strong></span> <span class='ocrx_word' id='word_1_121' title='bbox 780 2386 888 2438; x_wconf 89' lang='lat' dir='ltr'><strong>nostro</strong></span> <span class='ocrx_word' id='word_1_122' title='bbox 923 2376 1047 2461; x_wconf 89' lang='lat' dir='ltr'><strong>quique</strong></span> <span class='ocrx_word' id='word_1_123' title='bbox 1079 2376 1151 2439; x_wconf 89' lang='lat' dir='ltr'><strong>loco</strong></span> 
     </span>
     <span class='ocr_line' id='line_1_18' title="bbox 119 2485 1149 2575; baseline 0.003 -25"><span class='ocrx_word' id='word_1_124' title='bbox 119 2485 298 2571; x_wconf 87' lang='lat' dir='ltr'><strong>plurimum</strong></span> <span class='ocrx_word' id='word_1_125' title='bbox 323 2488 526 2552; x_wconf 86' lang='lat' dir='ltr'><strong>consulamus</strong></span> <span class='ocrx_word' id='word_1_126' title='bbox 554 2489 686 2573; x_wconf 82' lang='lat' dir='ltr'><strong>patriae.</strong></span> <span class='ocrx_word' id='word_1_127' title='bbox 718 2489 828 2554; x_wconf 77' lang='lat' dir='ltr'><strong>Rebus</strong></span> <span class='ocrx_word' id='word_1_128' title='bbox 856 2512 885 2556; x_wconf 90' lang='lat' dir='ltr'><strong>a.</strong></span> <span class='ocrx_word' id='word_1_129' title='bbox 915 2492 1002 2554; x_wconf 80' lang='lat'>1830</span> <span class='ocrx_word' id='word_1_130' title='bbox 1024 2500 1149 2575; x_wconf 90' lang='lat' dir='ltr'><strong>pertur-</strong></span> 
     </span>
     <span class='ocr_line' id='line_1_19' title="bbox 118 2601 1149 2691; baseline 0.005 -26"><span class='ocrx_word' id='word_1_131' title='bbox 118 2601 221 2682; x_wconf 78' lang='lat' dir='ltr'><strong>batio,</strong></span> <span class='ocrx_word' id='word_1_132' title='bbox 243 2604 278 2666; x_wconf 92' lang='lat' dir='ltr'><strong>in</strong></span> <span class='ocrx_word' id='word_1_133' title='bbox 304 2604 343 2666; x_wconf 78' lang='lat' dir='ltr'><strong>iis</strong></span> <span class='ocrx_word' id='word_1_134' title='bbox 372 2604 434 2668; x_wconf 86' lang='lat' dir='ltr'><strong>luit</strong></span> <span class='ocrx_word' id='word_1_135' title='bbox 457 2604 662 2689; x_wconf 83' lang='lat' dir='ltr'><strong>parentibus,</strong></span> <span class='ocrx_word' id='word_1_136' title='bbox 695 2606 753 2691; x_wconf 91' lang='lat' dir='ltr'><strong>qui</strong></span> <span class='ocrx_word' id='word_1_137' title='bbox 782 2605 872 2683; x_wconf 87' lang='lat' dir='ltr'><strong>liliis,</strong></span> <span class='ocrx_word' id='word_1_138' title='bbox 906 2605 1149 2681; x_wconf 76' lang='lat' dir='ltr'><strong>Academiarum</strong></span> 
     </span>
     <span class='ocr_line' id='line_1_20' title="bbox 86 2704 1149 2805; baseline 0.001 -24"><span class='ocrx_word' id='word_1_139' title='bbox 86 2796 89 2803; x_wconf 76' lang='lat'><strong>,</strong></span> <span class='ocrx_word' id='word_1_140' title='bbox 119 2717 260 2796; x_wconf 84' lang='lat' dir='ltr'><strong>nivibus,</strong></span> <span class='ocrx_word' id='word_1_141' title='bbox 294 2719 430 2781; x_wconf 79' lang='lat' dir='ltr'><strong>nominis</strong></span> <span class='ocrx_word' id='word_1_142' title='bbox 466 2719 597 2782; x_wconf 86' lang='lat' dir='ltr'><strong>militiae</strong></span> <span class='ocrx_word' id='word_1_143' title='bbox 629 2719 726 2782; x_wconf 92' lang='lat' dir='ltr'><strong>dandi</strong></span> <span class='ocrx_word' id='word_1_144' title='bbox 758 2721 883 2783; x_wconf 84' lang='lat' dir='ltr'><strong>veniam</strong></span> <span class='ocrx_word' id='word_1_145' title='bbox 913 2704 998 2784; x_wconf 91' lang='lat' dir='ltr'><strong>baud</strong></span> <span class='ocrx_word' id='word_1_146' title='bbox 1029 2741 1149 2805; x_wconf 88' lang='lat' dir='ltr'><strong>negan-</strong></span> 
     </span>
    </p>
   </div>
   <div class='ocr_carea' id='block_1_7' title="bbox 15 2821 1147 2920">
    <p class='ocr_par' dir='ltr' id='par_1_7' title="bbox 15 2821 1147 2920">
     <span class='ocr_line' id='line_1_21' title="bbox 15 2821 1147 2920; baseline 0.002 -25"><span class='ocrx_word' id='word_1_147' title='bbox 15 2821 18 2828; x_wconf 74' lang='grc'><strong>’</strong></span> <span class='ocrx_word' id='word_1_148' title='bbox 117 2831 192 2896; x_wconf 85' lang='lat' dir='ltr'><strong>dam</strong></span> <span class='ocrx_word' id='word_1_149' title='bbox 210 2841 395 2912; x_wconf 86' lang='lat' dir='ltr'><strong>censerent,</strong></span> <span class='ocrx_word' id='word_1_150' title='bbox 418 2854 483 2918; x_wconf 93' lang='lat' dir='ltr'><strong>quo</strong></span> <span class='ocrx_word' id='word_1_151' title='bbox 502 2832 645 2912; x_wconf 88' lang='lat' dir='ltr'><strong>seilicet,</strong></span> <span class='ocrx_word' id='word_1_152' title='bbox 665 2834 745 2898; x_wconf 88' lang='lat' dir='ltr'><strong>dore</strong></span> <span class='ocrx_word' id='word_1_153' title='bbox 758 2835 936 2918; x_wconf 72' lang='lat' dir='ltr'><strong>juventutis</strong></span> <span class='ocrx_word' id='word_1_154' title='bbox 954 2847 1147 2920; x_wconf 85' lang='lat' dir='ltr'><strong>praeeunte,</strong></span> 
     </span>
    </p>
   </div>
   <div class='ocr_carea' id='block_1_8' title="bbox 118 2945 1146 3034">
    <p class='ocr_par' dir='ltr' id='par_1_8' title="bbox 118 2945 1146 3034">
     <span class='ocr_line' id='line_1_22' title="bbox 118 2945 1146 3034; baseline 0.006 -25"><span class='ocrx_word' id='word_1_155' title='bbox 118 2945 200 3010; x_wconf 84' lang='lat' dir='ltr'><strong>rires</strong></span> <span class='ocrx_word' id='word_1_156' title='bbox 217 2947 358 3010; x_wconf 84' lang='lat' dir='ltr'><strong>omnium</strong></span> <span class='ocrx_word' id='word_1_157' title='bbox 378 2949 542 3033; x_wconf 87' lang='lat' dir='ltr'><strong>copiarum</strong></span> <span class='ocrx_word' id='word_1_158' title='bbox 559 2949 695 3013; x_wconf 88' lang='lat' dir='ltr'><strong>morales</strong></span> <span class='ocrx_word' id='word_1_159' title='bbox 711 2961 892 3034; x_wconf 90' lang='lat' dir='ltr'><strong>opportune</strong></span> <span class='ocrx_word' id='word_1_160' title='bbox 905 2949 1146 3015; x_wconf 82' lang='lat' dir='ltr'><strong>roborarentur.</strong></span> 
     </span>
    </p>
   </div>
   <div class='ocr_carea' id='block_1_9' title="bbox 9 3047 1213 3606">
    <p class='ocr_par' dir='ltr' id='par_1_9' title="bbox 9 3047 1213 3377">
     <span class='ocr_line' id='line_1_23' title="bbox 9 3047 1149 3148; baseline 0 -22"><span class='ocrx_word' id='word_1_161' title='bbox 9 3047 11 3106; x_wconf 61' lang='grc' dir='ltr'><strong><em>Ῐ</em></strong></span> <span class='ocrx_word' id='word_1_162' title='bbox 116 3061 169 3126; x_wconf 86' lang='lat' dir='ltr'><strong>Bis</strong></span> <span class='ocrx_word' id='word_1_163' title='bbox 185 3061 327 3146; x_wconf 83' lang='lat' dir='ltr'><strong>proximo</strong></span> <span class='ocrx_word' id='word_1_164' title='bbox 344 3081 426 3126; x_wconf 91' lang='lat' dir='ltr'><strong>anno</strong></span> <span class='ocrx_word' id='word_1_165' title='bbox 454 3063 488 3124; x_wconf 89' lang='lat' dir='ltr'><strong>in</strong></span> <span class='ocrx_word' id='word_1_166' title='bbox 509 3063 584 3146; x_wconf 82' lang='lat' dir='ltr'><strong>ipsis</strong></span> <span class='ocrx_word' id='word_1_167' title='bbox 605 3062 757 3148; x_wconf 86' lang='lat' dir='ltr'><strong>antiquae</strong></span> <span class='ocrx_word' id='word_1_168' title='bbox 777 3065 899 3147; x_wconf 90' lang='lat' dir='ltr'><strong>patriae</strong></span> <span class='ocrx_word' id='word_1_169' title='bbox 917 3063 1034 3128; x_wconf 79' lang='lat' dir='ltr'><strong>linibus</strong></span> <span class='ocrx_word' id='word_1_170' title='bbox 1051 3064 1149 3126; x_wconf 84' lang='lat' dir='ltr'><strong>verba</strong></span> 
     </span>
     <span class='ocr_line' id='line_1_24' title="bbox 9 3175 1146 3259; baseline 0.001 -20"><span class='ocrx_word' id='word_1_171' title='bbox 9 3187 12 3228; x_wconf 73' lang='lat' dir='ltr'><strong>t</strong></span> <span class='ocrx_word' id='word_1_172' title='bbox 117 3176 195 3240; x_wconf 86' lang='lat' dir='ltr'><strong>lecit</strong></span> <span class='ocrx_word' id='word_1_173' title='bbox 213 3175 252 3239; x_wconf 85' lang='lat' dir='ltr'><strong>ad</strong></span> <span class='ocrx_word' id='word_1_174' title='bbox 278 3176 468 3241; x_wconf 80' lang='lat' dir='ltr'><strong>Academiae</strong></span> <span class='ocrx_word' id='word_1_175' title='bbox 492 3176 691 3259; x_wconf 73' lang='lat' dir='ltr'><strong>Traiectinae</strong></span> <span class='ocrx_word' id='word_1_176' title='bbox 719 3176 886 3257; x_wconf 83' lang='lat' dir='ltr'><strong>alumnos,</strong></span> <span class='ocrx_word' id='word_1_177' title='bbox 912 3189 977 3241; x_wconf 89' lang='lat' dir='ltr'><strong>tam</strong></span> <span class='ocrx_word' id='word_1_178' title='bbox 1001 3179 1146 3241; x_wconf 84' lang='lat' dir='ltr'><strong>exercitu</strong></span> 
     </span>
     <span class='ocr_line' id='line_1_25' title="bbox 99 3276 1213 3377; baseline -0.003 -22"><span class='ocrx_word' id='word_1_179' title='bbox 99 3276 326 3355; x_wconf 39' lang='lat' dir='ltr'><strong>&#39;Neerlondico</strong></span> <span class='ocrx_word' id='word_1_180' title='bbox 346 3291 379 3354; x_wconf 94' lang='lat' dir='ltr'><strong>in</strong></span> <span class='ocrx_word' id='word_1_181' title='bbox 397 3289 570 3377; x_wconf 81' lang='lat' dir='ltr'><strong>Belgarum</strong></span> <span class='ocrx_word' id='word_1_182' title='bbox 591 3301 710 3354; x_wconf 88' lang='lat' dir='ltr'><strong>terram</strong></span> <span class='ocrx_word' id='word_1_183' title='bbox 728 3291 888 3370; x_wconf 89' lang='lat' dir='ltr'><strong>irruente,</strong></span> <span class='ocrx_word' id='word_1_184' title='bbox 908 3313 1006 3377; x_wconf 89' lang='lat' dir='ltr'><strong>quam</strong></span> <span class='ocrx_word' id='word_1_185' title='bbox 1026 3289 1146 3367; x_wconf 85' lang='lat' dir='ltr'><strong>reduce</strong></span> <span class='ocrx_word' id='word_1_186' title='bbox 1211 3326 1213 3331; x_wconf 95' lang='lat'>·</span> 
     </span>
    </p>

    <p class='ocr_par' dir='ltr' id='par_1_10' title="bbox 64 3404 1146 3606">
     <span class='ocr_line' id='line_1_26' title="bbox 117 3404 1146 3492; baseline -0.001 -23"><span class='ocrx_word' id='word_1_187' title='bbox 117 3404 246 3484; x_wconf 89' lang='lat' dir='ltr'><strong>eodem,</strong></span> <span class='ocrx_word' id='word_1_188' title='bbox 269 3405 364 3469; x_wconf 83' lang='lat' dir='ltr'><strong>rebus</strong></span> <span class='ocrx_word' id='word_1_189' title='bbox 394 3416 523 3469; x_wconf 85' lang='lat' dir='ltr'><strong>strenue</strong></span> <span class='ocrx_word' id='word_1_190' title='bbox 548 3406 654 3492; x_wconf 81' lang='lat' dir='ltr'><strong>gestis.</strong></span> <span class='ocrx_word' id='word_1_191' title='bbox 690 3406 834 3491; x_wconf 89' lang='lat' dir='ltr'><strong>Uterque</strong></span> <span class='ocrx_word' id='word_1_192' title='bbox 859 3427 963 3470; x_wconf 82' lang='lat' dir='ltr'><strong>sermo</strong></span> <span class='ocrx_word' id='word_1_193' title='bbox 985 3405 1030 3470; x_wconf 44' lang='lat' dir='ltr'><strong>ad*</strong></span> <span class='ocrx_word' id='word_1_194' title='bbox 1049 3427 1146 3491; x_wconf 87' lang='lat' dir='ltr'><strong>gene-</strong></span> 
     </span>
     <span class='ocr_line' id='line_1_27' title="bbox 64 3517 1144 3606; baseline -0.001 -24"><span class='ocrx_word' id='word_1_195' title='bbox 64 3555 65 3558; x_wconf 34' lang='lat'><em>*</em></span> <span class='ocrx_word' id='word_1_196' title='bbox 116 3517 291 3584; x_wconf 80' lang='lat' dir='ltr'><strong>rosiosimos</strong></span> <span class='ocrx_word' id='word_1_197' title='bbox 318 3519 462 3606; x_wconf 79' lang='lat' dir='ltr'><strong>erigebat</strong></span> <span class='ocrx_word' id='word_1_198' title='bbox 482 3518 696 3604; x_wconf 77' lang='lat' dir='ltr'><strong>fortitudinis,</strong></span> <span class='ocrx_word' id='word_1_199' title='bbox 724 3521 935 3599; x_wconf 77' lang='lat' dir='ltr'><strong>constantiae,</strong></span> <span class='ocrx_word' id='word_1_200' title='bbox 956 3520 1144 3597; x_wconf 75' lang='lat' dir='ltr'><strong>honentatis,</strong></span> 
     </span>
    </p>
   </div>
   <div class='ocr_carea' id='block_1_10' title="bbox 115 3619 1146 3833">
    <p class='ocr_par' dir='ltr' id='par_1_11' title="bbox 115 3619 1146 3833">
     <span class='ocr_line' id='line_1_28' title="bbox 116 3619 1146 3720; baseline 0.001 -24"><span class='ocrx_word' id='word_1_201' title='bbox 116 3634 241 3718; x_wconf 79' lang='lat' dir='ltr'><strong>pietatis</strong></span> <span class='ocrx_word' id='word_1_202' title='bbox 255 3619 390 3711; x_wconf 75' lang='lat' dir='ltr'><strong>benmr,</strong></span> <span class='ocrx_word' id='word_1_203' title='bbox 415 3633 532 3720; x_wconf 78' lang='lat' dir='ltr'><strong>quibus</strong></span> <span class='ocrx_word' id='word_1_204' title='bbox 557 3645 594 3697; x_wconf 90' lang='lat' dir='ltr'><strong>ut</strong></span> <span class='ocrx_word' id='word_1_205' title='bbox 618 3655 793 3720; x_wconf 87' lang='lat' dir='ltr'><strong>numquam</strong></span> <span class='ocrx_word' id='word_1_206' title='bbox 814 3655 877 3698; x_wconf 91' lang='lat' dir='ltr'><strong>non</strong></span> <span class='ocrx_word' id='word_1_207' title='bbox 897 3635 1014 3698; x_wconf 79' lang='lat' dir='ltr'><strong>militen</strong></span> <span class='ocrx_word' id='word_1_208' title='bbox 1037 3634 1146 3697; x_wconf 88' lang='lat' dir='ltr'><strong>imbu-</strong></span> 
     </span>
     <span class='ocr_line' id='line_1_29' title="bbox 115 3747 1145 3833; baseline 0 -23"><span class='ocrx_word' id='word_1_209' title='bbox 115 3757 163 3810; x_wconf 80' lang='lat' dir='ltr'><strong>tos</strong></span> <span class='ocrx_word' id='word_1_210' title='bbox 195 3747 304 3810; x_wconf 80' lang='lat' dir='ltr'><strong>videre</strong></span> <span class='ocrx_word' id='word_1_211' title='bbox 333 3747 428 3826; x_wconf 81' lang='lat' dir='ltr'><strong>velis,</strong></span> <span class='ocrx_word' id='word_1_212' title='bbox 460 3749 503 3811; x_wconf 89' lang='lat' dir='ltr'><strong>ita</strong></span> <span class='ocrx_word' id='word_1_213' title='bbox 534 3769 627 3812; x_wconf 74' lang='lat' dir='ltr'><strong>verus</strong></span> <span class='ocrx_word' id='word_1_214' title='bbox 658 3749 780 3833; x_wconf 86' lang='lat' dir='ltr'><strong>patriae</strong></span> <span class='ocrx_word' id='word_1_215' title='bbox 815 3769 903 3813; x_wconf 89' lang='lat' dir='ltr'><strong>amor</strong></span> <span class='ocrx_word' id='word_1_216' title='bbox 930 3769 1041 3813; x_wconf 85' lang='lat' dir='ltr'><strong>carere</strong></span> <span class='ocrx_word' id='word_1_217' title='bbox 1067 3770 1145 3810; x_wconf 89' lang='lat' dir='ltr'><strong>neu·</strong></span> 
     </span>
    </p>
   </div>
   <div class='ocr_carea' id='block_1_11' title="bbox 115 3971 312 3980">
    <p class='ocr_par' dir='ltr' id='par_1_12' title="bbox 115 3971 312 3980">
     <span class='ocr_line' id='line_1_30' title="bbox 115 3971 312 3980; baseline 0.005 -2"><span class='ocrx_word' id='word_1_218' title='bbox 115 3971 312 3980; x_wconf 54' lang='lat' dir='ltr'><strong>um-</strong></span> 
     </span>
    </p>
   </div>
   <div class='ocr_carea' id='block_1_12' title="bbox 150 4131 572 4282">
    <p class='ocr_par' dir='ltr' id='par_1_13' title="bbox 150 4131 572 4282">
     <span class='ocr_line' id='line_1_31' title="bbox 150 4131 300 4194; baseline 0.007 -13"><span class='ocrx_word' id='word_1_219' title='bbox 150 4131 176 4194; x_wconf 85' lang='lat' dir='ltr'><strong>l)</strong></span> <span class='ocrx_word' id='word_1_220' title='bbox 196 4136 221 4182; x_wconf 81' lang='grc' dir='ltr'><strong>Ρ.</strong></span> <span class='ocrx_word' id='word_1_221' title='bbox 243 4133 300 4182; x_wconf 83' lang='grc'><strong>157.</strong></span> 
     </span>
     <span class='ocr_line' id='line_1_32' title="bbox 151 4216 572 4282; baseline 0.007 -16"><span class='ocrx_word' id='word_1_222' title='bbox 151 4216 177 4280; x_wconf 82' lang='lat'><strong>2)</strong></span> <span class='ocrx_word' id='word_1_223' title='bbox 198 4221 240 4269; x_wconf 75' lang='lat' dir='ltr'><strong>er.</strong></span> <span class='ocrx_word' id='word_1_224' title='bbox 260 4235 320 4266; x_wconf 83' lang='lat' dir='ltr'><strong>over</strong></span> <span class='ocrx_word' id='word_1_225' title='bbox 339 4219 372 4267; x_wconf 80' lang='grc' dir='ltr'><strong>Η.</strong></span> <span class='ocrx_word' id='word_1_226' title='bbox 391 4219 453 4266; x_wconf 81' lang='lat' dir='ltr'><strong>Ood.</strong></span> <span class='ocrx_word' id='word_1_227' title='bbox 474 4237 498 4282; x_wconf 91' lang='lat' dir='ltr'><strong>p.</strong></span> <span class='ocrx_word' id='word_1_228' title='bbox 515 4217 572 4270; x_wconf 81' lang='lat'><strong>309.</strong></span> 
     </span>
    </p>
   </div>
   <div class='ocr_carea' id='block_1_13' title="bbox 0 0 1442 5075">
    <p class='ocr_par' dir='ltr' id='par_1_14' title="bbox 0 0 1442 5075">
     <span class='ocr_line' id='line_1_33' title="bbox 0 0 1442 5075; baseline 0 4"><span class='ocrx_word' id='word_1_229' title='bbox 0 0 1442 5075; x_wconf 95' lang='lat' dir='ltr'><strong> </strong></span> 
     </span>
    </p>
   </div>
  </div>
 </body>
</html>
