2875 5075
730 532 794 599 ldl

242 708 285 777 als
321 728 420 797 opere
449 728 509 774 suo
538 706 698 773 lleusdius
732 708 779 773 sic
804 704 990 792 judicabat,
1024 720 1063 773 ut
1097 706 1176 774 haec
1211 706 1285 775 So-
1319 746 1324 748 -

242 826 382 891 creticae
401 823 650 909 Platonicaeque
667 822 889 909 philosophiae
907 824 1085 908 principia,
1109 844 1129 887 e
1150 824 1284 911 linguis

220 994 225 1003 .
241 940 418 1018 illustrata,
435 939 583 1004 omnihus
598 936 729 1024 quidem
748 948 877 1023 putaret
890 939 1125 1025 cujuscumque
1142 926 1298 1003 scholae'

243 1051 441 1140 philosophis
460 1052 606 1117 nonnihil
623 1036 773 1137 pisaeae
790 1072 901 1136 posse,
922 1052 1017 1117 medo
1033 1050 1283 1117 Socraticwnua

242 1169 444 1254 maximeque
469 1167 609 1232 Platonis
626 1168 820 1252 scriptorum
836 1166 922 1233 haud
944 1168 1084 1251 inperiti
1101 1178 1227 1248 essent;
1240 1165 1278 1254 ι)

242 1280 298 1346 sed
320 1281 405 1345 idern
423 1291 594 1359 statueret,
617 1281 651 1343 in
670 1280 808 1367 linguis,
836 1278 1094 1367 locupletissimis
1111 1280 1177 1345 illis
1196 1281 1278 1365 phi-

242 1392 406 1480 losophiae
421 1393 606 1472 thesauris,
638 1392 841 1477 explorandis
869 1392 926 1457 hle
956 1414 1160 1479 nequaquam
1191 1394 1278 1459 snh-

240 1508 416 1573 sisteudum
443 1528 524 1575 esse.
566 1490 844 1589 Quemadmodum
864 1508 932 1591 ipse
953 1508 1105 1573 inchoata
1128 1508 1170 1573 ah
1196 1509 1278 1573 alii's

242 1624 393 1712 persequi
422 1620 609 1702 studuerat,
643 1622 691 1687 sic
718 1642 776 1687 sua
805 1620 957 1687 credebat
980 1621 1178 1685 extendenda
1203 1644 1278 1688 esse

242 1746 275 1799 et
294 1737 395 1822 magis
422 1723 591 1823 magisque
619 1734 827 1821 perficienda.
867 1735 1115 1802 Gumondahat
1139 1736 1279 1823 indaga-

241 1850 361 1914 tionem
372 1851 559 1915 interiorem
574 1862 607 1915 et
618 1852 773 1934 majorem
782 1849 993 1937 indagationis
1009 1851 1277 1937 amplitudinem:

241 1962 450 2051 prolermdos
472 1984 541 2030 esse
562 1964 641 2029 lines
662 1966 752 2045 illos,
776 1966 894 2053 quibus
911 1966 1003 2051 ipse,
1020 1965 1178 2031 Graecam
1200 1978 1277 2033 tan-

243 2088 332 2160 tum,
362 2079 532 2167 Latinam,
554 2079 797 2159 Germanicam,
830 2079 1016 2145 Francicam
1043 2080 1189 2165 linguam
1226 2092 1276 2145 at-

243 2192 376 2257 tendens
404 2194 640 2281 inprimisque
670 2193 900 2280 pulcerrimum
930 2214 1107 2259 sermonem
1131 2198 1277 2280 patrium

243 2307 481 2392 contemplans,
517 2309 781 2393 circumscriptus
796 2309 933 2396 ¹luerat:
965 2328 1068 2395 quum
1095 2310 1174 2373 alias
1204 2323 1275 2376 tam

243 2442 321 2485 reru
347 2420 486 2487 Orientis
509 2422 650 2509 linguas,
675 2444 813 2509 quarum
838 2424 1039 2487 inscientiam
1065 2444 1163 2510 aegre
1188 2426 1273 2489 lere-

242 2535 316 2616 hat,
348 2535 529 2617 adeundos,
553 2558 702 2626 quaeque
732 2535 807 2602 inde
833 2538 1048 2620 ducerentur,
1070 2561 1145 2605 uum
1173 2541 1275 2626 ipsius

242 2652 379 2716 inrcnus
421 2651 593 2738 diligenter
630 2652 842 2739 comparanda
861 2671 964 2738 ¹osse,
1005 2675 1071 2739 quo
1118 2674 1183 2718 uon
1222 2677 1275 2720 so·

243 2765 311 2828 lum
331 2766 452 2829 certius
478 2766 519 2829 de
549 2765 638 2830 hisce
661 2777 840 2846 constaret,
865 2787 983 2832 verum·
1004 2768 1101 2832 etiam
1119 2789 1274 2836 uumerus

242 2889 417 2962 augeretur
441 2879 608 2943 notionum
633 2901 671 2943 ex
698 2881 767 2965 ipsa
792 2891 906 2945 natura
934 2881 1138 2962 hausturum,
1170 2884 1274 2967 majo-

242 3011 359 3078 resque
393 2991 620 3078 detegerentur
649 2993 870 3080 philosophiae
899 2995 1053 3060 colendae
1079 2996 1270 3087 thesauria)

241 3108 432 3172 llcum'esse
454 3107 564 3172 consui
582 3107 663 3173 hacc
681 3110 901 3195 superioribus
924 3109 1060 3190 addere,
1085 3123 1141 3191 ut,
1166 3113 1274 3199 siqui

239 3222 324 3286 forte
348 3219 488 3287 adtalia
505 3222 732 3309 persequenda¹
744 3247 806 3288 non
822 3221 1053 3309 inepti,-hanc
1072 3226 1274 3311 inspicerent

240 3337 476 3423 Scriptionsm,
494 3337 656 3418 riderent,
671 3360 737 3425 quo
753 3340 838 3424 ipsos
855 3353 1056 3430 summopere
1074 3339 1274 3408 incitarisset

241 3449 412 3516 lleusdius.

241 3668 445 3681 -u—-a-—nq-
485 3668 489 3674 ¹

236 3843 265 3892 iu
283 3843 355 3894 Berl.
374 3843 427 3892 Ls't.
442 3844 515 3894 Zeis.
527 3846 588 3911 Apr.
607 3845 676 3898 1839
688 3865 713 3913 p.
731 3847 790 3899 296.
815 3850 881 3899 llaec
896 3849 986 3904 relatio
1000 3851 1027 3899 in
1046 3855 1162 3900 nostrum
1177 3867 1273 3904 semo-

236 3945 297 3980 nem
314 3944 386 3979 rerss
402 3935 484 3988 exsut
501 3932 528 3980 in
541 3933 604 3999 Arg.
622 3935 656 3983 K.
676 3951 707 3983 sn
724 3935 835 3984 Lettsrl.
854 3934 938 3999 1839,
958 3937 986 3985 ll.
1000 3937 1028 4001 1,
1046 3953 1071 4001 p.
1090 3935 1150 3987 331.

270 4012 299 4079 1)
314 4015 396 4066 Prael.
421 4017 525 4067 llsusdii
543 4021 682 4084 praemissa·
699 4023 811 4070 versioni
832 4023 995 4072 (lermamcae
1023 4023 1159 4074 voluminis
1183 4026 1270 4092 terlii,

236 4114 302 4164 quae
316 4101 381 4166 Traj.
400 4120 423 4153 a.
441 4103 510 4156 1838
527 4106 577 4156 hoc
594 4107 671 4156 titulo
689 4107 797 4172 prodiit:
821 4105 1042 4174 Philosophic.
1065 4111 1192 4159 Veruuelss
1210 4113 1270 4178 phe·

236 4187 411 4250 tosoplisetsr
423 4191 605 4260 Forsehungsn
621 4193 652 4242 s‘n
664 4193 713 4243 den
724 4195 869 4260 dpmehm,
883 4209 933 4246 ron
947 4190 1054 4246 utrfw'.
1072 4197 1127 4264 Vra
1140 4197 1249 4250 licasdc.

180 4305 183 4308 ,
252 4271 298 4336 ’2)
316 4273 369 4337 lll,
386 4273 440 4323 229
454 4293 509 4341 sqq.
