2875 5075
751 562 815 627 122

268 732 433 823 deatu'r.¹)
467 736 547 801 Nam
567 756 624 801 sua
647 735 711 800 sint
733 738 866 823 utrique
882 735 1028 822 propria,
1051 734 1171 821 quihus
1193 757 1302 822 quum
1424 704 1425 768 l

265 850 418 915 informa
437 847 598 915 scribendi
620 859 688 914 tum
707 850 742 914 in
757 851 921 915 sententiis
936 850 1092 917 aGracco
1104 848 1300 935 philosopho

264 964 418 1029 Batarm
448 984 542 1049 saepe
573 961 770 1049 distinguas:
802 963 884 1029 haec
905 974 1012 1029 minen
1034 963 1104 1048 ipsa
1134 962 1301 1029 scribendi
1425 1001 1426 1010 κ

267 1080 368 1159 ratio,
386 1090 419 1145 et
437 1076 658 1165 philosophiae
677 1099 716 1143 ex
731 1078 802 1163 ipso
819 1077 949 1143 homine
964 1075 1131 1142 ducendae
1145 1076 1196 1142 ad
1208 1098 1302 1141 enm-

265 1191 405 1279 demqne
431 1190 618 1257 referendae
636 1190 796 1272 studium,
821 1204 855 1257 et
875 1191 1016 1279 diligens
1041 1211 1151 1256 sensus
1165 1192 1301 1256 interni

266 1306 513 1393 contemplatio,
553 1316 586 1371 et
623 1317 730 1392 partes
760 1307 863 1372 amori
896 1304 1056 1385 tributae,
1099 1316 1132 1370 et
1161 1307 1300 1391 gravitas

266 1420 524 1508 disquisitionem
552 1419 593 1486 de
619 1420 752 1506 pulcro,
776 1440 871 1500 vero,
899 1419 1009 1504 justo,
1042 1431 1076 1484 et
1102 1419 1300 1485 facultatum

266 1535 480 1622 aequabiliter
497 1534 742 1601 asserendorum
756 1534 1011 1614 commendatio,
1031 1544 1064 1598 et
1080 1534 1210 1598 omnino
1224 1532 1300 1618 phi·

266 1649 430 1735 losophiao
450 1648 751 1715 Hemsterhusianac
772 1648 881 1735 'quum
904 1647 1167 1727 fundamentum,
1199 1647 1299 1711 animi

147 1827 149 1831 .
267 1763 398 1829 humani
415 1765 576 1851 cognitio,
601 1774 670 1829 tum
688 1764 907 1849 propositum,
931 1762 1068 1829 hominia
1085 1762 1243 1847 perfectio
1260 1784 1300 1826 ac

266 1878 419 1944 felicitas:
453 1877 534 1944 haec
563 1877 695 1965 quidem
721 1878 830 1944 omnia
862 1876 978 1944 crehro
1005 1878 1172 1941 Platonem
1195 1875 1300 1941 lecto-

268 1994 358 2058 ribus
395 1994 430 2058 in
468 2004 608 2059 mentem
644 2004 814 2080 revocant,
854 2004 905 2073 et,
945 1990 1216 2079 quemadmodum
1253 1991 1300 2053 ita

247 2092 404 2174 'maxime
425 2108 564 2196 intelligi
583 2108 753 2189 videntur,
787 2119 825 2173 nt
846 2108 983 2174 maxime
1007 2106 1204 2173 Socraticam
1224 2106 1298 2171 Pla-

268 2224 475 2309 tonicamque
502 2221 737 2310 philosophiam
767 2204 985 2309 percepimus,
1022 2222 1069 2286 sic
1092 2220 1231 2285 vicissim
1257 2218 1300 2284 ad

267 2335 365 2420 hujus
383 2336 448 2400 rim
469 2357 596 2401 omnem
612 2348 645 2401 et
663 2336 844 2401 ubertatem
862 2336 1045 2421 plenissime
1063 2329 1297 2422 assequendam

267 2450 444 2537 plurimum
463 2449 581 2517 valent.
621 2452 677 2516 His
700 2462 809 2517 autem
835 2450 1028 2540 analyticam
1050 2447 1297 2534 philosophandi

268 2565 350 2631 dam
377 2563 452 2630 addi
479 2577 629 2652 oportet,
663 2567 756 2651 cujus
783 2565 894 2632 sedula
922 2566 958 2629 in
985 2576 1125 2652 utroque
1152 2563 1299 2630 animad-

268 2681 370 2744 versio
400 2702 464 2745 non
494 2679 598 2745 solum
623 2693 771 2748 mutuam
798 2682 933 2767 utrique
961 2680 1069 2745 lucem
1097 2677 1208 2759 affert,
1240 2677 1298 2743 sed

269 2792 409 2858 Hensdio
428 2794 617 2878 praesertim
636 2796 819 2880 gravissima
839 2794 1026 2874 videbatur,
1038 2805 1164 2859 mature
1175 2794 1298 2880 quippe

174 2955 177 2960 -
269 2908 443 2993 suspicanti
472 2907 529 2972 illa
559 2909 761 2994 potissimum
792 2901 843 2974 ria
868 2906 1109 2996 procedendum
1141 2929 1227 2988 esse,
1261 2917 1297 2971 ut

269 3019 490 3108 philosophiae
510 3021 688 3108 amplitudo
710 3034 743 3089 ot
770 3045 930 3090 summum
955 3023 1077 3089 homini
1102 3031 1299 3087 momentum

269 3147 529 3222 agnoscerentur.
573 3135 646 3202 Jam
674 3159 701 3202 a.
732 3138 816 3203 1811
841 3138 923 3203 haec
950 3139 981 3202 ei
1007 3137 1146 3222 suspicio
1172 3147 1241 3200 erat
1265 3146 1298 3199 et

269 3250 446 3338 analyticae
463 3249 683 3338 philosophiae
709 3251 869 3317 studiosos·
886 3263 1093 3339 systematum
1110 3251 1299 3317 auctoribus

269 3365 365 3453 longe
385 3367 619 3452 anteponehat,
644 3366 750 3453 deque
777 3364 941 3454 sequendo
964 3368 1170 3453 egregiorum
1188 3363 1300 3452 physi-

269 3499 382 3545 corum
401 3482 547 3566 exemplo
565 3481 599 3544 in
617 3479 747 3546 homine
764 3481 964 3567 ubicumque
983 3460 1141 3545 terrarum
1148 3489 1191 3548 ,et
1203 3500 1300 3543 secu·

270 3592 376 3658 lorum
403 3592 599 3659 observando
626 3615 662 3658 ea
694 3606 774 3659 tunc
792 3595 1032 3680 suspicabatur,
1048 3614 1133 3680 qnae
1156 3615 1184 3658 a,
1209 3595 1297 3658 1836

270 3708 386 3773 diserte
403 3710 529 3794 scrlpsit
540 3704 567 3796 ²)
588 3721 620 3774 ot
632 3710 781 3795 oporibus
800 3709 945 3795 ipsesuis
965 3709 1144 3794 exprimere
1160 3705 1296 3773 studuit.

314 3823 435 3891 Verum
457 3823 623 3889 Platonem
644 3824 825 3910 principem
844 3845 956 3889 eornm
969 3822 1057 3902 dixi,
1082 3823 1139 3908 qui
1153 3820 1297 3886 Heusdio
1316 3869 1320 3874 ‚

272 4041 470 4056 1—-

304 4205 331 4271 1)
351 4208 443 4272 Opusc.
456 4210 484 4273 l,
501 4208 559 4261 5⁷7.

304 4289 332 4357 2)
349 4293 412 4343 nn.
428 4295 494 4358 ptis.
515 4295 584 4345 nus.
604 4297 656 4359 nr,
674 4295 734 4347 255.
