2875 5075
637 532 716 599 21'

145 731 214 773 rum
243 711 396 774 tenuitate
429 708 598 773 verborum
628 708 734 773 minua
761 711 857 795 plene
882 732 1041 780 enarrem.
1066 711 1174 798 lpeum

143 822 255 887 audire
278 832 418 908 praestat
434 819 591 887 Cremera
607 822 909 891 haececribentem.
942 826 1117 891 «Solebam
1134 864 1175 875 --

143 938 250 1024 inquit
281 974 320 987 --
351 934 603 1025 wyttenbachio
638 936 812 1003 identidem
847 939 961 1003 afferre
990 940 1062 1005 lena
1096 940 1174 1005 Pla-

26 1136 28 1139 .
142 1052 227 1115 tonis
262 1072 346 1139 quae
379 1073 443 1115 non
470 1051 713 1115 intellexissem:
755 1052 812 1116 ille
842 1064 950 1120 autem
987 1054 1176 1140 vespertinis
1229 1040 1232 1045 ¹

141 1165 340 1249 potissimum
363 1163 447 1229 horie
469 1164 553 1228 iuter
574 1164 758 1245 Socratica,
793 1167 903 1230 einen
920 1168 1059 1252 pocula,
1088 1177 1177 1232 certe
1261 1156 1266 1161 Δ

141 1280 262 1343 monita
286 1289 318 1342 et
346 1278 528 1366 colloquia,
562 1300 645 1365 quae
673 1279 774 1366 longe·
795 1279 1177 1366 mihi-accidebantdulq

141 1394 251 1472 ciera,
283 1414 346 1458 nna
372 1413 500 1457 meeum
520 1394 639 1457 eratin
658 1392 853 1459 bibliotheca
871 1404 1024 1459 ettotam
1041 1416 1075 1459 ee
1095 1394 1176 1459 mibi

142 1507 252 1573 dabat.
283 1508 404 1593 Legem
428 1506 528 1593 igitur
554 1508 770 1574 mecum'loca
790 1508 865 1589 illa,
887 1509 1024 1595 cingulis
1042 1508 1179 1594 diligen-

142 1623 219 1687 tiam
246 1620 419 1687 adhibebat
444 1642 616 1700 oummam,
641 1633 677 1685 ut
695 1622 881 1707 exquireret
900 1624 1040 1708 primum
1061 1623 1176 1686 verbe·

142 1758 215 1801 rum
244 1740 455 1813 structuram,
490 1745 558 1800 tum
570 1734 777 1821 eingnlarnm
797 1756 913 1801 vocum
931 1735 1177 1824 dictionumque

142 1869 237 1915 neum
267 1860 298 1935 et
327 1848 610 1935 significationem,
645 1870 687 1913 ue
713 1849 856 1914 minimis
883 1851 978 1915 etiam
1006 1849 1176 1935 particulia

143 1964 275 2029 omiaaia'.
300 1963 427 2044 Quibus
445 1962 628 2049 singulatim
650 1964 835 2049 patefactis,
850 1963 945 2028 baud
955 1962 1175 2051 desiderabam

142 2098 202 2164 ego
215 2078 380 2142 noirereae
389 2077 565 2141 sententiae
576 2077 881 2163 interpretationem.
902 2078 1001 2155 llam,
1023 2076 1174 2157 eoduee,

15 2192 17 2227 ³
131 2202 254 2277 eponte
271 2190 349 2257 mibi
370 2190 584 2256 ridebar‘eam
601 2201 970 2274 totamemeaeeeoutus.
993 2190 1173 2269 Tumvero,

144 2306 296 2391 explicito
323 2305 414 2383 loco,
442 2326 503 2389 ego
519 2305 587 2369 lere
606 2304 765 2371 adolium
785 2305 937 2392 progredi
954 2316 988 2369 et
1003 2305 1173 2384 ieefinare,

141 2418 715 2506 quempuriterintelligereare'rem:
728 2420 1068 2486 illeverononainere.
1090 2420 1172 2484 Leu-
1287 2440 1289 2444 ·

141 2517 190 2615 te,
211 2533 345 2613 ebone,
369 2534 495 2619 inquit,
517 2533 734 2600 festinandum
744 2545 793 2596 eat
802 2533 911 2597 arabis:
935 2532 1171 2599 nondumenim

137 2648 280 2712 Atticam
301 2648 435 2711 lormam
456 2645 669 2723 attendimus,
694 2645 837 2713 nondum
855 2647 1071 2724 Platonicam,
1092 2667 1173 2733 oon-

84 2828 86 2831 .
139 2761 217 2827 dum
246 2760 443 2846 exquisitum
470 2759 642 2842 verborum
670 2773 785 2838 uuum,
814 2743 1006 2846 exquisitam
1027 2760 1169 2825 noudum
1236 2778 1238 2781 ·

141 2876 241 2940 totius
257 2874 432 2938 sententiae
452 2875 654 2960 elegantiam.
671 2873 787 2937 tiabat
806 2874 851 2938 ita
870 2895 1036 2955 nonraro,
1060 2886 1171 2940 utnna

119 3011 122 3019 ’
140 2989 314 3068 sententia,
345 3009 445 3052 mum
466 2989 560 3052 etiam
579 2989 772 3072 venabulum
789 3009 848 3072 per
860 2989 1021 3074 integram
1037 3009 1093 3052 uoe
1112 2988 1171 3053 bn·

140 3101 388 3168 rueretrueret.
421 3099 520 3184 Cujus
538 3112 644 3166 tamen
655 3107 710 3164 'me
729 3122 838 3165 morae
854 3121 960 3187 oeque
979 3113 1048 3166 tum
1065 3101 1174 3168 taede-

138 3217 211 3296 bat,
245 3235 350 3301 neque
375 3237 449 3282 vero
471 3225 580 3301 poetea
599 3215 768 3300 poenituit.
793 3215 872 3276 Nam
892 3213 1014 3278 vocalia
1031 3214 1090 3277 ille
1111 3236 1170 3278 ex-

139 3328 312 3416 plicandis,
337 3328 518 3414 explicabat
530 3327 609 3392 nihi
623 3327 718 3392 eimnl
730 3337 761 3390 et
774 3325 1017 3390 commendabat
1025 3326 1169 3392 Graecae

139 3445 268 3531 linguae
283 3442 388 3508 ‘dotes
415 3442 637 3521 admirabiles,
652 3437 677 3528 ¹)
713 3441 840 3506 Atticae
863 3437 994 3505 dialecti
1021 3453 1168 3506 veumta·

138 3571 223 3637 tem,
259 3559 359 3643 ipsam
377 3557 592 3622 urbanitatem
604 3556 763 3621 Atticam:
788 3557 990 3644 eloquentiae
1008 3558 1167 3642 inprimis

15 3717 16 3734 2
137 3673 200 3737 rim
227 3673 385 3750 nativam,
416 3691 500 3756 quae
526 3692 593 3735 uon
610 3671 644 3734 in
667 3671 799 3755 trapia,
818 3669 950 3757 liguria,
975 3671 1170 3757 imaginibuo

15 3791 16 3806 *
137 3789 396 3872 ornamentisque
412 3785 557 3850 oratoriis
577 3784 735 3863 cernitur,
759 3783 822 3848 eed-
834 3784 964 3870 proprio
977 3785 1170 3869 exprimitur
1210 3869 1212 3873 Ι

138 3911 169 3964 et
195 3902 354 4002 exquirito
382 3899 558 3964 uerborum
591 3919 669 3965 ueu:
707 3897 795 3984 apud
826 3899 991 3964 Platonem
1024 3917 1167 3982 praeser-

146 4121 345 4132 0—-1—-1———1-

170 4258 196 4314 tt
215 4261 250 4309 (ΖΙ.
271 4259 374 4311 omuino
396 4262 468 4325 Spar.
490 4261 555 4309 Urit.
575 4261 655 4310 Praei.
679 4277 702 4324 p.
721 4259 777 4307 xll.
