2875 5075
607 532 669 597 105

12 694 31 757 ³.
125 702 366 781 rentur,-inter
385 711 539 787 utrosque
560 704 648 788 leges
664 701 923 782 intercederent,
946 704 1066 789 quibus
1082 726 1154 769 rnu-

124 827 184 881 tuo
201 814 242 881 ad
264 815 422 881 societatis
435 814 580 884 ordinem
599 827 871 902 temperarenturz
895 838 961 903 quo
983 828 1154 903 postquam

122 931 329 998 accessissent
364 941 498 1017 gentes,
519 932 587 995 tum
615 904 905 1006 literas'auntbius
921 933 1038 1011 subse,
1069 943 1154 996 tam.-

123 1066 222 1131 quem
239 1046 515 1123 instrumentum,
539 1066 605 1134 quo
642 1046 790 1111 restore
815 1068 926 1111 omnes
954 1019 1155 1134 corrigerem

12 1196 14 1211 ›
124 1171 233 1225 tur.—
249 1159 300 1225 nb
325 1158 374 1223 bis
406 1181 503 1245 quam
532 1159 656 1225 diversa
686 1171 761 1225 sunt
789 1181 954 1247 quamque
969 1161 1087 1227 sanim
1113 1160 1154 1225 de

122 1272 222 1339 medii
261 1272 329 1337 nevi
364 1274 561 1357 temporibus
589 1273 752 1356 judicium
786 1275 927 1361 produnt
962 1274 1155 1359 paucissima
1199 1276 1203 1285 ’

120 1386 200 1464 illo,
224 1408 309 1472 quae
332 1386 484 1474 leguntur
517 1388 550 1452 in
582 1386 765 1461 Diaei-tte,
782 1390 822 1451 io
848 1388 1016 1465 Civitates
1048 1384 1153 1451 Anes-

122 1488 238 1589 quue?
257 1497 284 1587 ¹)
811 1564 815 1568 .

166 1617 244 1682 Hoc.
261 1614 401 1702 primunr
432 1627 500 1681 erat
529 1616 645 1695 trium,
690 1636 774 1701 quae
802 1615 973 1695 dicebam,
1004 1614 1153 1682 -Heusdii

12 1806 13 1813 q
121 1728 369 1815 opusculorum,
399 1750 481 1794 anno
507 1730 663 1815 scriptum
693 1731 1050 1817 immissorumque
1077 1730 1153 1796 dein

13 1862 14 1865 ’
120 1844 443 1909 commentationibus
459 1844 576 1911 Latinis
606 1846 718 1912 tertiae
745 1842 861 1911 Classis
884 1844 1053 1917 lectitati
1084 1843 1152 1912 Ita-

116 1960 178 2045 ge'e'
198 1956 440 2037 Neerdeodiei,
467 1960 522 2025 oui
541 1958 597 2023 ille
612 1982 642 2024 a
670 1959 800 2027 condita
820 1961 889 2024 iere
913 1959 975 2027 bac
992 1959 1153 2036 Societate

118 2072 302 2157 adscriptus
325 2072 503 2139 istiusmodi
521 2072 741 2181 observantiae
757 2072 989 2155 documentum
1003 2070 1154 2141 eodebe-

119 2208 155 2251 re
184 2186 361 2269 judicabat.
408 2189 644 2275 Argumentum
671 2199 780 2253 autern
814 2210 853 2253 eo
873 2187 1058 2274 spectabat,
1087 2197 1151 2251 unt

12 2354 13 2381 2
118 2322 274 2389 germana
291 2302 441 2387 politicae
461 2304 611 2389 autiquae
630 2302 790 2389 principia
818 2305 1085 2389 exquirerentur,
1116 2302 1151 2365 in

12 2450 14 2463 ι
116 2416 299 2504 primisque
328 2418 439 2497 locus,
474 2418 544 2503 ¹qui
573 2428 620 2482 est
656 2416 696 2481 de
729 2415 916 2502 tyrannide,
949 2417 1152 2502 gravissimus

121 2532 205 2611 ille,
240 2530 378 2616 necdum
402 2531 496 2611 sctis,
530 2543 567 2596 nt
588 2532 648 2617 ipsi
670 2530 858 2610 ridebatur,
889 2530 1051 2616 expletus,
1085 2529 1151 2594 ela·

12 2711 14 2748 ,
115 2646 327 2712 beraretur.»
340 2643 367 2732 ²)
381 2647 420 2712 Et
429 2645 512 2710 benc
522 2645 703 2732 legentibus
713 2645 880 2720 Distriben
891 2656 979 2730 patet
987 2645 1151 2724 contiuuo,

116 2760 312 2844 scriptorem
334 2781 398 2827 non
419 2779 494 2824 eunr
514 2781 602 2839 esse,
627 2761 684 2845 qui
704 2759 832 2846 quasvis
860 2759 1047 2831 recentioris
1063 2770 1149 2827 oeta·

12 2957 13 2960 ¹
117 2877 159 2940 tis
182 2873 348 2958 opiniones
366 2875 485 2960 priscis.
506 2873 693 2939 obtruderet
719 2874 938 2960 temporibus,
970 2875 1026 2940 sed
1046 2875 1150 2943 iacnt·

118 2999 186 3053 tate
218 3009 292 3076 eum
322 2988 428 3053 valere
459 2987 643 3054 insinuandi
672 3009 742 3052 sese
772 2988 808 3052 in
834 2990 1018 3076 antiquum
1036 3011 1151 3057 aerum

12 3105 13 3160 ζ
119 3101 284 3188 hujusque
312 3101 502 3188 assequendi
531 3102 783 3186 simplicitatem.
827 3104 911 3168 Hinc
937 3104 1029 3168 initia
1050 3105 1150 3170 socie·

12 3269 14 3304 ᾦ
120 3216 195 3280 tatis
226 3216 327 3282 civilis
357 3217 525 3308 perspicuo
550 3225 722 3281 eruuntur.
768 3216 807 3280 ln
835 3237 925 3280 saera
949 3216 1149 3282 traducimur

121 3332 268 3416 gentium
287 3342 450 3416 tempora,
475 3340 705 3416 quaeaetetem
717 3329 881 3415 politicam
890 3341 1147 3415 praecesserunt:

121 3445 350 3534 quomodoque
377 3444 520 3513 rudiores
548 3445 709 3523 homines,
736 3466 795 3530 per
822 3445 930 3516 tribus,
951 3455 989 3508 et
1011 3444 1150 3518 familias,

12 3613 14 3642 ,
120 3561 254 3646 dispersi
266 3561 549 3640 virentes,sensim
561 3560 784 3626 communibus
795 3561 894 3626 sacris
905 3560 1060 3648 festisque
1069 3583 1150 3631 eon·

117 3674 211 3762 jungi
223 3675 401 3762 coeptisiu't
413 3686 444 3738 et
463 3674 559 3754 binc,
572 3673 804 3760 explicantibus
816 3695 883 3740 sese
894 3697 1006 3740 eorum
1018 3675 1144 3756 aruntis,
1188 3712 1194 3722 ·

121 3787 243 3854 firmior
268 3789 422 3876 paulatim
447 3789 601 3854 exstiterit
617 3789 721 3892 ciritis
747 3789 907 3859 societatis
934 3789 1144 3874 conjunctio,

125 4039 323 4050 um.

155 4186 182 4248 1)
200 4189 226 4236 Ρ.
245 4185 278 4235 26
295 4203 346 4250 seq.
454 4197 459 4205 ’

154 4271 180 4333 2)
201 4275 318 4324 Gbomot.
333 4275 415 4336 princ.
428 4274 492 4336 petr.
513 4281 560 4322 ret.
580 4289 603 4338 p.
623 4272 647 4321 8.
