2875 5075
748 524 813 587 232

213 691 216 697 ¹
271 704 354 768 eavit
389 702 422 765 in
449 702 638 792 libertatem.
685 700 768 763 Huic
786 720 818 760 se
843 697 942 783 magis
967 698 1131 785 magisque
1152 700 1297 781 tradens,

272 815 386 881 didicit
406 838 424 878 a
442 814 529 880 saleis
548 813 730 878 notionibus
748 811 880 876 idealio
900 822 935 875 et
949 811 990 875 ab
1005 811 1054 876 bis
1078 813 1173 877 ideae
1191 816 1299 898 sejun-

273 952 360 1019 gere.
395 929 455 993 Illa
484 929 552 1014 ipsa
580 948 711 991 eernere
730 928 764 990 in
789 926 985 1011 imperfectis
1010 925 1177 992 bominum
1196 952 1299 1014 popu·

271 1046 442 1129 lorumque
472 1042 651 1106 actionibus
682 1040 792 1118 desiit,
821 1039 964 1105 studium
988 1062 1064 1106 vero
1087 1042 1219 1107 iliorum
1247 1066 1299 1109 ex-

271 1158 513 1245 primendarum
536 1139 779 1235 animadveitit,
803 1156 948 1242 viditque
971 1178 1087 1240 porro,
1111 1178 1213 1241 qnnm
1240 1159 1302 1223 alia

272 1273 341 1337 aliis
372 1272 555 1336 hominibus
585 1271 849 1355 temporibusque
879 1269 995 1333 ideaiia
1031 1270 1112 1349 sint,
1144 1272 1301 1357 exigenda

189 1454 195 1465 ,
272 1386 351 1452 haec
362 1436 371 1467 ,
383 1397 420 1451 ut
440 1386 480 1450 de
491 1408 602 1450 eornm
624 1385 758 1448 veritate
776 1395 917 1463 constet,
937 1384 977 1448 ad
993 1383 1079 1449 ideas
1097 1406 1165 1449 ease
1180 1386 1302 1471 pulcri,

271 1502 366 1581 boni,
385 1500 483 1584 justi,
507 1500 620 1564 saneti.
664 1499 736 1561 Sive
766 1499 872 1582 potius
895 1497 951 1563 bas
980 1498 1067 1563 ideas
1094 1500 1154 1584 ipsi
1174 1500 1303 1565 tandem

273 1616 372 1679 menti
398 1613 554 1679 humanae
581 1612 744 1693 tribuens,
768 1613 930 1677 internum
952 1634 1081 1677 sensum
1100 1635 1138 1677 eo
1164 1614 1302 1701 diligen·

273 1731 336 1794 tius
355 1727 536 1795 acuendum
556 1740 588 1792 et
613 1727 844 1814 perficiendum
872 1749 940 1791 esse
960 1729 1090 1807 statuit,
1115 1750 1181 1813 quo
1200 1730 1302 1816 magis

272 1844 348 1908 inde
368 1845 468 1907 omnis
475 1843 591 1925 judicii
610 1842 650 1906 de
669 1840 826 1905 idealibns
845 1841 1009 1927 integritas
1026 1854 1058 1906 et
1077 1841 1211 1907 firmitas
1224 1865 1302 1928 pen-

273 1958 397 2024 derent.
432 1958 547 2043 ltaque
580 1979 623 2021 «a
643 1967 763 2020 memet
782 1956 1058 2041 ipso-ajebat-
1073 1949 1302 2042 incipiendum.

274 2074 409 2137 Sensrrm
432 2072 538 2158 pulcri
565 2082 597 2135 et
616 2071 692 2135 boni
720 2082 752 2134 et
765 2057 846 2154 justi
862 2072 1080 2157 inprimisque
1104 2073 1190 2151 veri,
1214 2094 1325 2147 com·⁴

274 2186 505 2269 munemmihi
528 2208 603 2251 cum
625 2186 772 2250 omnibus
792 2184 997 2264 hominibus,
1021 2172 1108 2250 bunc
1131 2188 1248 2280 ardum
1272 2200 1303 2252 et

274 2300 517 2386 disciplinarum
536 2299 659 2379 studio,
681 2310 826 2363 veterum
844 2300 1125 2386 recentiorumque
1146 2300 1301 2380 lectione,

274 2437 349 2481 cnm
370 2414 441 2480 aliie
459 2413 673 2500 colloquendo
693 2435 824 2500 unaque
841 2414 1080 2500 investigando,
1101 2416 1302 2480 continenter

274 2553 391 2597 acuere
419 2553 563 2616 pergam.
603 2528 638 2594 Id
660 2552 727 2616 quo
755 2528 870 2594 melius
895 2528 973 2593 mihi
1001 2528 1114 2610 cedet,
1139 2553 1178 2596 co
1199 2532 1303 2596 minus

273 2646 366 2710 salsas
382 2647 525 2710 notiones
541 2655 573 2708 et
586 2634 802 2731 φαντάσματα
816 2666 875 2730 pro
887 2645 977 2730 puris
990 2644 1165 2735 idealibus,
1184 2647 1304 2711 nubem

274 2781 333 2844 pro
365 2762 510 2839 lunone,
544 2759 737 2845 amplectar,
764 2781 868 2846 eoque
894 2760 1013 2824 certius
1039 2782 1147 2824 meum
1175 2764 1236 2824 erit
1264 2762 1304 2825 de
1400 2785 1405 2790 ’

275 2894 330 2953 eo,
353 2874 441 2958 quod
465 2895 573 2938 revera
599 2875 765 2959 pulcrum,
791 2895 901 2938 revera
925 2874 1047 2937 bonum
1071 2886 1103 2938 et
1121 2874 1247 2957 justum
1272 2887 1304 2940 et

275 2997 421 3052 sanetum
440 2997 505 3067 est,
524 2989 654 3051 omnino
673 2987 713 3051 de
725 3009 764 3051 eo
783 2987 874 3079 quod⁸
889 3000 1081 3069 verumest,
1098 2989 1300 3073 judicium.»
1354 3066 1364 3081 Ι

275 3102 444 3188 Aptissima
469 3123 543 3166 sane
562 3101 602 3166 ad
622 3103 799 3167 Hensdium
820 3104 1079 3190 cognoscendum
1094 3106 1207 3186 verba,
1230 3107 1303 3191 qui-

276 3219 335 3282 bus
347 3229 383 3282 ut
397 3216 465 3302 ipse
477 3217 539 3282 alia
557 3216 680 3282 addidit
695 3217 783 3284 lectu
796 3218 973 3305 perdigna,
987 3221 1032 3284 ita
1054 3221 1145 3284 nobis
1162 3220 1303 3285 animad-

277 3330 465 3396 vertendum
497 3343 561 3411 est,
594 3331 711 3396 dehinc
741 3354 816 3396 enm
846 3333 952 3398 studia
982 3345 1015 3396 et
1047 3336 1142 3399 vitam
1168 3335 1305 3420 jungere

276 3447 453 3510 arctissimo
474 3447 602 3511 vinculo
628 3446 788 3514 didicisse.
824 3449 966 3514 Tenebat
986 3448 1069 3514 iilud
1096 3461 1129 3513 et
1146 3450 1306 3514 referebat

276 3582 405 3646 prorsus
448 3547 466 3622 ὁ
500 3552 536 3623 di
568 3549 777 3638 ἆνεξέταστος
806 3559 881 3644 βίος
915 3553 955 3626 ori
985 3557 1106 3643 βιωτός
1136 3553 1307 3650 ἅνθρώπῳ

280 3674 485 3761 «studiisque
504 3711 539 3724 -
561 3673 667 3757 ajebat
689 3711 725 3721 -
746 3675 802 3760 qui
830 3695 893 3740 non
909 3676 978 3760 ipse
995 3676 1182 3742 emendatur
1198 3698 1306 3764 neque

277 3791 355 3854 aiios
385 3788 554 3854 emendare
577 3799 730 3869 conatur,
755 3789 835 3876 quid
866 3790 927 3854 sibi
951 3812 1065 3874 operae
1095 3793 1235 3874 pretium
1257 3792 1306 3856 fa·

278 3904 349 3969 cit?
371 3902 534 3992 Landetnr
554 3904 595 3967 ob
615 3903 792 3968 doctrinam
819 3904 915 3968 licet:
940 3904 996 3968 sed
1015 3906 1156 3969 animum
1177 3905 1306 3992 quando

278 4019 435 4105 negligit,
462 4017 590 4104 qnando
609 4017 741 4103 plenum
767 4039 840 4082 eum
860 4019 1061 4099 ambitionis,
1079 4019 1204 4100 livoris,
1224 4021 1306 4084 invi-

277 4132 371 4209 diae,
397 4134 634 4216 suspicionum,
651 4154 782 4218 aegrum
802 4134 931 4198 omnino
949 4156 1016 4198 esse
1036 4135 1130 4214 sinit,
1149 4157 1214 4221 quo
1236 4147 1306 4199 tan-

278 4245 349 4310 dem
372 4259 465 4330 pacto
482 4248 556 4312 felir
580 4247 665 4312 erit?
688 4285 723 4296 -
746 4248 811 4314 Hoc
830 4251 1134 4336 praestantissimum
1153 4263 1220 4328 est,
1240 4273 1305 4337 quo
