2875 5075
609 531 650 593 57

11 709 13 715 ’
91 722 94 728 ·
127 710 219 765 turae
248 698 406 765 humanae
433 700 648 786 appetitibus,
661 756 665 762 ,
678 701 812 784 studiis,
838 704 1046 773 facultatibus
1063 708 1156 774 initia

11 898 12 901 Ἴ
126 825 158 877 et
185 834 374 901 progressus
401 812 524 879 ducere
555 837 667 881 eorum
686 818 853 899 omnium
877 841 962 906 quae
982 833 1016 886 et
1035 822 1156 888 cultius

11 910 12 941 ³
125 928 210 993 vitae
223 949 324 1016 genus
343 929 488 995 referunt
504 940 538 993 et
560 930 601 995 ad
628 930 782 1015 majorem
800 933 1031 1001 humanitatem
1054 957 1156 1023 ςοιιω

11 1054 12 1121 t
126 1042 304 1108 humanum
326 1042 549 1125 adduxerunt,
574 1057 643 1111 tum
661 1067 738 1112 sero
758 1046 800 1111 de
819 1047 887 1133 ipsa
909 1050 1036 1136 generis
1055 1050 1156 1115 nostri
1200 1117 1204 1123 ,

126 1156 166 1222 ad
193 1157 420 1243 perfectiorem
456 1157 672 1259 conditionem
714 1161 937 1247 progressione
970 1158 1156 1250 diligentius

125 1292 234 1358 agere.
280 1272 393 1359 Ecqua
416 1272 575 1339 efficacior
599 1294 707 1339 rerum
737 1275 944 1362 pergratiam
969 1297 1044 1342 eum
1061 1277 1156 1361 jure·

11 1434 12 1481 5
125 1386 220 1451 nibus
238 1384 576 1453 communicandamm
603 1390 849 1475 opportunitas?
879 1390 1025 1463 Hominis
1047 1401 1156 1456 atten-

11 1584 12 1601 ἵ
125 1498 264 1566 debatur
284 1500 423 1568 conditio
457 1513 546 1599 tota,
572 1514 722 1585 externa,
754 1523 821 1592 quo
849 1505 969 1590 partim
991 1506 1155 1571 nonnullis

11 1700 13 1705 ι
124 1617 340 1683 animantibus
354 1617 447 1683 cedat
459 1666 469 1699 ,
481 1619 617 1699 interna,
638 1640 703 1705 qua
723 1620 862 1685 excellat
878 1619 1155 1686 omuibusetcor·

11 1740 12 1743 ’
124 1733 211 1819 poris
229 1733 456 1819 praestantiam
471 1731 512 1799 ad
528 1734 648 1819 optima
665 1755 816 1822 quaeque
841 1746 1030 1800 convertere
1049 1733 1156 1801 discat

36 1904 39 1919 ,
85 1856 91 1869 “
124 1856 157 1911 et
176 1858 292 1913 natura
310 1847 437 1913 moralis
456 1847 497 1913 sit
518 1850 644 1934 pulcri,
667 1850 758 1929 reri,
776 1848 878 1932 justi,
909 1849 1156 1915 immortalitatis

124 1982 220 2026 sensu
239 1960 400 2047 praedita,
422 1962 591 2029 facultates
621 1962 753 2050 quidem
778 1986 851 2031 suas
870 1963 1069 2050 pedetentim
1097 1980 1154 2028 ex‘·

124 2096 233 2140 serens
265 2086 298 2139 et
328 2078 361 2139 in
391 2076 431 2141 iis
456 2078 663 2162 proliciendis
679 2078 868 2166 alendisque
883 2078 1023 2143 multum
1044 2098 1155 2144 amore

17 2224 21 2237 ·
123 2189 251 2275 adjuta,
282 2202 316 2255 at
336 2192 471 2255 maxime
490 2192 643 2259 sublimes
663 2214 775 2258 earum
793 2191 843 2257 bis
857 2192 895 2256 in
915 2192 1010 2256 terris
1028 2212 1154 2257 nonsa-

11 2320 12 2341 ¹
123 2305 163 2369 tis
183 2304 367 2391 explicans,
391 2306 471 2393 quin
490 2306 613 2372 alarum
628 2308 662 2371 in
694 2306 794 2393 pullis
821 2306 922 2371 instar
952 2305 1155 2371 absconditas

11 2474 12 2487 ,
123 2440 225 2505 prope
246 2418 366 2485 babens
385 2441 500 2485 novam
517 2421 740 2508 requirentes,
756 2432 793 2487 ut
808 2421 992 2506 plenissime
1007 2419 1152 2506 pandan-

122 2547 189 2614 tur,
206 2534 314 2600 vitam.
335 2534 389 2600 Sic
411 2546 552 2621 spectata
570 2534 708 2599 hominis
725 2547 858 2613 natura,
883 2533 1019 2621 ejusque
1033 2532 1075 2598 ad
1091 2555 1157 2618 me-

12 2645 14 2702 l
121 2646 389 2713 lioraaecedendi
406 2647 558 2713 studiose
568 2648 777 2713 facultatibus
788 2647 946 2734 principio
957 2647 1156 2734 progressio·

90 2842 92 2845 .
122 2785 202 2827 uum
228 2761 356 2846 positis,
387 2760 448 2826 bae
479 2762 587 2848 ipsae,
608 2761 721 2867 ¹illinc
750 2761 890 2840 ductae,
924 2761 958 2826 in
987 2760 1155 2828 bominum

12 2869 14 2922 l
124 2877 337 2964 gentiumque
356 2874 468 2941 studiis
480 2923 490 2955 ,
503 2876 659 2956 inventis,
678 2875 833 2942 institutis
856 2875 1155 2943 animadverteban-

71 3057 74 3064 ,
124 3001 194 3070 tur;
229 3011 453 3077 quaecumque
480 3011 498 3053 e
527 2990 739 3077 religionum,
778 2983 956 3071 societatis,
987 2992 1154 3079 regiminis

12 3169 14 3198 s
123 3105 318 3184 termarum,
361 3105 526 3170 muliebris
562 3126 655 3170 serus
695 3104 830 3170 historia
868 3103 934 3172 buc
967 3108 1154 3191 pertinent,

12 3215 13 3250 l
123 3229 269 3284 veterum
285 3220 567 3306 recentiorumque
584 3217 781 3304 populorum
799 3218 923 3282 ratione
952 3217 1061 3283 habita
1095 3241 1155 3284 ex·
1242 3309 1245 3314 Ι

12 3403 14 3430 ,
126 3333 346 3418 ponebantur;
392 3356 468 3399 suus
514 3345 581 3398 erat
614 3330 834 3398 incultissimis
863 3330 1017 3417 stirpibus
1041 3331 1153 3413 loeas,

118 3458 160 3513 ,ut
180 3469 244 3512 non
265 3448 369 3513 minus
389 3447 533 3514 infimum
562 3446 770 3512 humanitatis
796 3446 933 3532 gradum
959 3467 1057 3533 quam
1076 3445 1155 3512 huic

127 3561 284 3647 proximos
307 3575 339 3628 et
361 3563 489 3628 altiores
513 3561 665 3647 deinceps
692 3560 997 3647 contemplaremur.
1023 3562 1154 3630 cunetis

126 3697 162 3739 ea
193 3673 388 3757 accedebat,
424 3697 507 3763 qnae
537 3676 723 3740 interiorem
740 3676 949 3742 illustrissimi
972 3678 1155 3764 argumenti

127 3790 281 3855 rationem
301 3792 515 3878 patefaceret,
540 3789 742 3876 disquisitio,
767 3790 894 3877 generis
913 3790 1047 3857 humaui
1063 3814 1155 3857 com·

125 3927 239 3990 paraus
255 3917 288 3970 et
309 3905 480 3993 singularis
496 3903 635 3970 bominis
652 3907 929 3992 progressionem,
953 3925 1058 3992 eoque
1078 3916 1153 3970 ten·

125 4019 225 4100 dens,
248 4031 336 4086 utet
355 4021 523 4107 utriusque
542 4021 764 4086 convenientia
789 4029 958 4106 appareret
981 4031 1014 4083 et
1043 4019 1153 4086 verisi-

125 4137 201 4200 mile
220 4134 332 4216 lieret,
357 4157 458 4222 genus
476 4135 654 4210 humanum
679 4135 840 4222 puerilem
864 4144 1000 4201 aetatem
1029 4143 1152 4201 uanae·

13 4301 14 4306 1
127 4251 208 4336 qisse
230 4253 264 4316 in
299 4251 482 4338 regionibus
507 4250 745 4330 Orientalibus,
764 4234 1010 4321 'adolescentiae
1043 4251 1153 4337 rigore
