2875 5075
742 574 807 635 246

261 746 373 811 canda.
413 745 474 809 Sed
503 745 654 830 postridie
680 748 714 809 in
743 748 780 809 iis
807 746 863 809 ille
884 745 1116 820 Professoribus
1140 746 1292 846 luit,qui

262 874 335 925 octo
356 861 545 925 Academiae
564 861 709 924 alumnos
729 884 822 923 more
839 862 1012 946 majorum
1029 862 1158 923 summis
1181 861 1214 922 in
1237 884 1294 924 sua

262 976 385 1061 quique
397 974 567 1060 disciplina
579 975 756 1039 bonoribus
768 986 930 1039 ornarent.
954 975 980 1038 Α
995 975 1109 1037 ceteris
1118 974 1201 1040 Clas.
1217 976 1294 1039 viris

261 1089 397 1154 bonores
417 1089 465 1152 illi
486 1090 520 1151 in
551 1088 775 1153 dilectissimos
799 1087 992 1174 discipulos,
1024 1088 1065 1151 ab
1093 1087 1235 1152 Heusdio
1260 1091 1296 1151 in

262 1203 365 1266 filium
396 1202 646 1268 conferebantur
679 1214 755 1267 natu
791 1204 975 1267 maximum.
1028 1203 1074 1266 Ac.
1102 1204 1296 1288 promotoris

262 1317 394 1403 quidem
413 1318 508 1381 rerba
528 1329 619 1381 erant
639 1338 762 1401 pauca,
787 1328 818 1379 et
836 1339 854 1379 a
875 1316 999 1402 vulgari
1027 1318 1197 1401 praeconio
1224 1340 1297 1380 rno-

262 1432 324 1495 rito
355 1442 492 1510 remota3
517 1454 629 1498 rerum
644 1510 646 1515 ,
663 1453 735 1495 mox
763 1443 889 1515 patrem
918 1430 1126 1495 audiebamus
1154 1434 1295 1517 graviter

213 1522 218 1527 Ι
264 1557 446 1635 mouentem
466 1567 559 1623 eum,
584 1569 602 1610 a
622 1567 688 1631 quo
714 1566 748 1608 se
767 1545 907 1631 intelligi
926 1546 1123 1631 probarique
1150 1545 1297 1610 conlide-

265 1672 324 1726 ret.
359 1658 439 1723 lrrde
464 1671 643 1724 commotus
661 1660 717 1722 ille
739 1659 930 1724 dulcissimis
955 1658 1123 1725 affectibus
1146 1661 1295 1737 animus,

266 1796 363 1861 quem
385 1775 512 1851 vultus,
537 1773 681 1852 babitus,
707 1775 907 1861 singulorum
932 1774 1000 1837 fere
1027 1775 1198 1838 verborum
1218 1796 1296 1859 pro·

265 1889 423 1952 nuntiatio
444 1887 641 1972 prodebant:
670 1887 746 1951 inde
763 1911 886 1952 summa
904 1888 960 1952 illa
980 1889 1120 1973 pectoris
1139 1889 1298 1974 eloquen-

264 2004 327 2082 tia,
345 2026 363 2066 a
380 2002 542 2088 frequenti
557 2002 711 2089 concione
722 2002 788 2067 alto
804 2024 841 2067 ac
859 2003 991 2067 solemni
1007 2002 1133 2066 silentio
1143 2014 1296 2087 excepta,

264 2138 366 2203 quum
390 2128 457 2180 toto
481 2116 713 2201 Protreptico,
732 2128 800 2181 tum
820 2117 870 2180 bis
890 2116 959 2199 ejus
979 2118 1083 2181 verbis
1103 2118 1296 2202 conspicua:

269 2232 365 2295 «sine
388 2230 535 2295 libertate
554 2252 614 2295 nec
635 2229 760 2295 discere
779 2231 871 2317 quis,
896 2253 955 2296 nec
980 2231 1114 2311 docere,
1136 2253 1197 2295 nec
1221 2253 1298 2295 rero

265 2348 372 2409 virere
405 2354 492 2408 recte
518 2356 634 2428 potest.
677 2346 721 2408 Te
753 2367 829 2409 vero
857 2368 921 2409 non
947 2357 995 2409 est
1020 2344 1111 2433 quod
1131 2365 1295 2424 moneam,

267 2482 364 2547 quam
396 2480 457 2546 ego
483 2459 663 2546 intelligam
697 2458 902 2525 libertatem.
944 2462 1046 2524 Tenes
1074 2471 1164 2524 retus
1190 2459 1232 2524 de
1259 2481 1299 2523 ea

266 2575 413 2651 effatum,
446 2595 464 2636 a
492 2573 646 2639 Cicerone
681 2575 842 2659 prolatum
877 2586 1004 2640 nostro:
1042 2575 1155 2662 legam
1186 2597 1300 2638 omnes
1387 2659 1390 2662 .

265 2691 358 2752 serui
385 2711 523 2766 sumus,
554 2701 594 2751 ut
621 2688 727 2753 tiberi
756 2683 825 2752 esse
847 2691 1031 2775 possimus.
1076 2689 1187 2755 Civilis
1215 2689 1299 2754 baec

264 2803 395 2865 libertas
416 2814 483 2880 est,
508 2824 592 2888 quae
600 2804 775 2888 justitiae
792 2802 973 2868 vindicatur
990 2802 1109 2869 studio.
1142 2805 1245 2867 Tenes
1264 2815 1298 2866 et

265 2937 283 2978 a
306 2935 407 3000 puero
426 2916 619 3000 percepisti,
645 2915 732 3002 quod
752 2928 859 2981 sancto
880 2918 972 2982 uobis
998 2916 1112 3004 religio
1133 2917 1175 2982 de
1196 2918 1296 2999 liber·

266 3039 330 3093 tate
349 3029 462 3092 morali
483 3029 656 3114 praecipit,
678 3033 860 3095 veritatem
879 3053 965 3110 esse,
987 3055 1072 3120 quoe
1088 3055 1149 3096 noe
1170 3031 1298 3096 liberos

257 3141 389 3230 sociat.
414 3141 612 3207 Reconditae
628 3143 708 3208 haec
726 3155 800 3208 sunt
812 3145 985 3231 sapientiae
1002 3145 1141 3232 placita3
1162 3145 1217 3211 sed
1238 3147 1297 3211 tibi

265 3279 328 3341 norr
353 3257 508 3335 obscura,
533 3259 576 3320 mi
599 3257 655 3324 fili.
689 3259 768 3322 Nam
787 3260 892 3323 crebri
914 3260 1004 3325 nobis
1026 3259 1066 3324 de
1086 3261 1181 3324 rebus
1207 3261 1297 3326 bisce

265 3371 407 3436 omniurn
426 3372 634 3457 grauissimis,
651 3384 686 3435 ut
697 3373 887 3452 meministi,
905 3367 1066 3438 sermones
1081 3375 1222 3440 luerunt.
1249 3377 1298 3440 Tu

264 3496 371 3548 autem
404 3505 455 3548 me
485 3497 687 3565 monentem,
714 3488 983 3573 praecipientem,
1020 3487 1239 3552 cohortantem
1266 3501 1299 3553 et

264 3598 415 3661 lubenter
427 3598 579 3663 audiebas
591 3611 622 3663 et
634 3600 838 3687 intelligebas
849 3601 955 3668 lacile.
979 3603 1052 3684 Quo
1065 3603 1184 3667 lactum
1198 3605 1297 3668 maxi-

264 3733 316 3773 me
337 3721 400 3790 est,
418 3722 455 3775 ut
475 3713 674 3779 necessitudo
691 3714 782 3780 nobis
806 3717 920 3780 amoris
943 3717 1065 3795 mutui,
1081 3719 1146 3781 imo
1164 3699 1297 3782 sanctis-

265 3827 379 3889 simum
407 3824 597 3907 honestatis,
618 3829 762 3908 virtutis,
779 3829 911 3915 pietatis
936 3831 1049 3896 foedus
1071 3831 1297 3900 intercederet.
1390 3908 1397 3919 .

265 3938 327 4002 Sed
339 3938 418 4002 haec
430 3950 522 4006 antea
533 3941 617 4005 inter
635 3953 812 4007 nos‘coram
831 3945 972 4012 luerunt.
995 3947 1090 4012 Nunc
1109 3968 1202 4026 rere,
1218 3970 1296 4034 age,

266 4052 413 4135 publice,
437 4053 470 4116 in
494 4054 555 4119 hoc
575 4057 708 4120 solemni
729 4059 974 4124 lectissimorum
996 4059 1160 4126 bominum
1181 4074 1314 4139 coetu,

266 4162 377 4228 loedus
401 4187 458 4229 uos
481 4180 644 4250 nostrum,
669 4171 735 4249 Deo
752 4183 851 4253 teste,
870 4196 1069 4242 renovemus.
1091 4177 1297 4241 -Ceterum

265 4279 394 4362 accipe,
419 4299 494 4344 cum
525 4285 651 4348 monitis
683 4307 721 4350 ac
748 4291 945 4375 praeceptis,
978 4303 1048 4356 rota
1071 4294 1166 4356 etiam
1184 4292 1296 4376 patris.
