2875 5075
622 480 684 545 rat

137 649 250 717 endem
271 670 389 736 porro,
412 661 572 735 quatenns
595 651 770 737 parspeetia
787 650 904 717 artium
922 648 1167 735 er-disripttoo-

137 786 211 832 rum
223 764 415 849 principiis„
427 764 569 844 ratione,
580 765 743 850 proposito
754 764 810 829 has
826 775 916 855 reete
932 765 1040 835 oolero
1051 763 1165 845 donet,

135 876 322 947 earumdem
343 898 459 963 parens
477 877 631 947 hahetur:
657 879 737 965 quin
762 879 796 945 in
814 880 953 949 maximo
976 895 1087 951 earum
1110 867 1167 943 xoi-

135 990 214 1076 κλῳ,
248 1014 346 1079 quem
382 992 549 1085 historia„
567 994 656 1063 testis
684 1004 884 1079 temporum,
921 992 978 1061 lua
1004 994 1176 1071 veritatis,-

132 1116 241 1172 totum
262 1106 535 1193 comprehendero
553 1118 586 1173 et
606 1107 769 1175 illustrare
792 1106 993 1187 ostenditur,
1018 1109 1086 1194 ipsa
1104 1130 1166 1194 rp-

134 1233 227 1307 paret
256 1221 399 1291 medinm
425 1223 540 1291 lanum¹
561 1233 671 1289 tenens
698 1233 882 1309 cunctaque
903 1222 981 1290 hino
1006 1222 1164 1308 dirigent:

135 1347 204 1403 tum
231 1357 324 1419 vern,
359 1338 445 1425 qraod
477 1324 637 1406 summurn
669 1350 748 1425 eat,¹
771 1338 894 1406 artibus
925 1346 958 1405 ot
988 1336 1165 1424 disciplinis

134 1450 254 1536 optimo
273 1463 384 1533 utens,
408 1463 571 1539 tamquam
596 1448 733 1517 παιδεία
748 1453 939 1539 proponitur
964 1463 997 1521 et
1021 1449 1160 1520 initiatio
1245 1465 1247 1472 '

133 1564 293 1651 quaedem
314 1566 350 1629 in
364 1566 665 1653 rapionuaorooris.
680 1561 706 1654 ¹)
740 1567 831 1635 Hanc
851 1565 1103 1652 philosophiam,
1129 1566 1165 1633 iu

34 1696 37 1703 ·
134 1680 354 1767 superioribus
371 1681 490 1747 semim
505 1680 697 1762 indicatam,
718 1680 775 1747 hio
792 1681 976 1768 explicitam
997 1691 1046 1761 et,
1070 1680 1164 1749 adhi-

132 1794 202 1861 hita
236 1795 332 1861 otiam
367 1794 550 1885 philosophi
582 1796 744 1883 imagine,
784 1796 975 1865 illustratam
1003 1791 1163 1867 Heusdiue

127 1908 315 1993 junioribus
347 1910 412 1975 auis
439 1910 569 1989 amicis,
609 1931 690 1996 quos
719 1910 943 1995 perpetuom
969 1910 1033 1977 hoo
1067 1927 1164 1996 opere

132 2023 329 2113 alloquitur,
360 2046 484 2115 summo
514 2023 620 2111 studio
648 2023 871 2105 commendat,
901 2024 1163 2111 uberrimamque

131 2138 174 2204 od
204 2148 418 2225 praestantem
450 2138 539 2207 illam
563 2138 691 2223 J'udinat
719 2137 912 2220 utilitatem,
952 2159 1050 2227 qnam
1087 2160 1163 2205 eum

134 2252 306 2319 scribendo
325 2254 409 2319 libro
429 2265 587 2340 spectasse
602 2252 752 2321 vidimus.

178 2366 273 2433 Brevi
292 2380 363 2453 poet
374 2366 493 2439 editam
511 2367 806 2457 Euryelopnsdiuo
821 2380 945 2454 partem
957 2370 1098 2455 priorem
1117 2368 1162 2435 ri·

132 2502 206 2550 rum
228 2482 263 2546 in
290 2482 402 2578 primia
424 2482 556 2548 dootnm
585 2494 616 2548 et
643 2484 863 2570 perspioaeem
887 2481 1003 2552 dixisse
1029 2484 1162 2568 aonepi,

130 2617 166 2662 se
182 2595 313 2678 judice,
334 2618 412 2662 eam·
429 2617 493 2660 non
518 2597 668 2682 antiquo,
691 2597 877 2678 Socratico,
895 2596 1010 2664 habitu
1032 2596 1164 2683 prodire

130 2708 299 2776 debuisse:
322 2712 391 2776 inre
411 2710 518 2790 enim,
542 2712 600 2798 qni
622 2712 935 2798 propterea'lihrum
956 2711 997 2800 ad
1017 2734 1051 2778 se
1071 2710 1163 2778 etad

130 2823 215 2892 hono
244 2826 454 2922 renentiorem
489 2835 624 2892 aetatem
652 2827 815 2912 pertinere
844 2838 1010 2914 negarent.
1055 2827 1162 2896 haute

131 2939 277 3024 prolecto
296 2940 471 3020 sententia,
497 2940 589 3024 cnjus
608 2943 642 3008 in
660 2942 847 3009 memoriam
863 2942 1034 3029 equidem,
1058 2943 1161 3008 vario·

130 3075 204 3121 rum
233 3055 404 3140 exploratis
427 3054 467 3119 sle
487 3054 549 3121 hoo
570 3077 666 3142 opere
678 3056 834 3140 judiciis,
857 3057 1031 3124 identidem
1051 3057 1159 3124 redeo.

129 3169 256 3234 Etenim
275 3191 340 3234 non
362 3181 486 3234 tantum
502 3171 604 3234 exorti
625 3171 748 3233 suntin
766 3169 854 3236 huno
870 3169 1001 3235 modum
1019 3171 1161 3256 loquen-

130 3293 197 3362 tes,
221 3281 426 3363 aarum'alii‚
448 3283 566 3370 quibua
587 3281 670 3347 illud
692 3282 801 3348 multis
828 3281 870 3346 de
896 3283 999 3346 nausis
1027 3285 1159 3369 cognitu

129 3396 324 3484 perdignum
346 3397 533 3478 videbatur,
557 3397 627 3464 illio
649 3397 813 3462 interdum
830 3396 1063 3477 dissenserunt,
1083 3397 1160 3476 ubi,

129 3513 156 3576 si
178 3513 283 3578 minus
309 3512 448 3578 Socratis
472 3525 503 3578 et
531 3512 670 3577 Platonis
693 3512 898 3598 opinionibus
919 3511 1034 3578 fultam
1054 3510 1159 3577 oredi-

130 3625 249 3692 disoent
275 3607 547 3714 disquisitionem,
573 3627 736 3712 proniores
757 3627 889 3692 fortasse
914 3627 956 3692 ad
982 3607 1166 3692 assentior-⁴

128 3739 206 3804 dum
223 3739 380 3814 luissent.v
403 3737 568 3828 Quidquid
590 3741 759 3828 utriusque
776 3740 977 3828 philosophia
997 3742 1157 3831 praeclari

127 3855 239 3943 habet,
267 3858 293 3922 si
313 3857 385 3943 quis
405 3857 448 3925 ita
467 3855 501 3922 id
525 3867 711 3922 convertere
729 3857 773 3922 'in
791 3869 916 3922 nostrae
946 3857 1057 3925 nautio
1082 3879 1159 3926 nsua

129 4083 335 4096 nan-*m

163 4228 190 4298 1)
210 4234 307 4286 Serrai.
328 4233 421 4282 Solsool
443 4233 484 4297 11,
503 4230 561 4281 304.
581 4233 616 4282 (ΙΙ,
638 4233 691 4295 ΙΙΙ,
710 4229 763 4283 180
778 4235 806 4282 et
825 4234 898 4283 Orat.
915 4235 988 4284 Soeo.
1003 4249 1028 4298 p.
1045 4231 1086 4282 12.
