<?xml version="1.0" encoding="UTF-8"?>
<!DOCTYPE html PUBLIC "-//W3C//DTD XHTML 1.0 Transitional//EN"
    "http://www.w3.org/TR/xhtml1/DTD/xhtml1-transitional.dtd">
<html xmlns="http://www.w3.org/1999/xhtml" xml:lang="en" lang="en">
 <head>
  <title>
</title>
<meta http-equiv="Content-Type" content="text/html;charset=utf-8" />
  <meta name='ocr-system' content='tesseract 3.04.00' />
  <meta name='ocr-capabilities' content='ocr_page ocr_carea ocr_par ocr_line ocrx_word'/>
</head>
<body>
  <div class='ocr_page' id='page_1' title='image "./memoriaheusdii00rovegoog_0101.png"; bbox 0 0 2875 5075; ppageno 0'>
   <div class='ocr_carea' id='block_1_1' title="bbox 782 520 826 586">
    <p class='ocr_par' dir='ltr' id='par_1_1' title="bbox 782 520 826 586">
     <span class='ocr_line' id='line_1_1' title="bbox 782 520 826 586; baseline 0 0"><span class='ocrx_word' id='word_1_1' title='bbox 782 520 826 586; x_wconf 71' lang='grc'><strong>90</strong></span> 
     </span>
    </p>
   </div>
   <div class='ocr_carea' id='block_1_2' title="bbox 291 658 1314 785">
    <p class='ocr_par' dir='ltr' id='par_1_2' title="bbox 291 658 1314 785">
     <span class='ocr_line' id='line_1_2' title="bbox 291 658 1314 785; baseline -0.006 -22"><span class='ocrx_word' id='word_1_2' title='bbox 291 712 433 785; x_wconf 85' lang='lat' dir='ltr'><strong>cumque</strong></span> <span class='ocrx_word' id='word_1_3' title='bbox 456 698 542 783; x_wconf 90' lang='lat' dir='ltr'><strong>legi,</strong></span> <span class='ocrx_word' id='word_1_4' title='bbox 577 697 670 760; x_wconf 87' lang='lat' dir='ltr'><strong>toties</strong></span> <span class='ocrx_word' id='word_1_5' title='bbox 699 713 752 759; x_wconf 89' lang='lat' dir='ltr'><strong>me</strong></span> <span class='ocrx_word' id='word_1_6' title='bbox 776 698 858 760; x_wconf 81' lang='lat' dir='ltr'><strong>testo</strong></span> <span class='ocrx_word' id='word_1_7' title='bbox 881 696 939 759; x_wconf 89' lang='lat' dir='ltr'><strong>illo</strong></span> <span class='ocrx_word' id='word_1_8' title='bbox 957 694 1009 758; x_wconf 88' lang='lat' dir='ltr'><strong>die</strong></span> <span class='ocrx_word' id='word_1_9' title='bbox 1031 696 1196 758; x_wconf 86' lang='lat' dir='ltr'><strong>absentem</strong></span> <span class='ocrx_word' id='word_1_10' title='bbox 1218 658 1314 757; x_wconf 83' lang='lat' dir='ltr'><strong>luisse</strong></span> 
     </span>
    </p>
   </div>
   <div class='ocr_carea' id='block_1_3' title="bbox 288 805 1427 900">
    <p class='ocr_par' dir='ltr' id='par_1_3' title="bbox 288 805 1427 900">
     <span class='ocr_line' id='line_1_3' title="bbox 288 805 1427 900; baseline -0.006 -22"><span class='ocrx_word' id='word_1_11' title='bbox 288 835 384 900; x_wconf 82' lang='lat' dir='ltr'><strong>aegre</strong></span> <span class='ocrx_word' id='word_1_12' title='bbox 400 812 474 879; x_wconf 90' lang='lat' dir='ltr'><strong>tuli.</strong></span> <span class='ocrx_word' id='word_1_13' title='bbox 497 811 615 877; x_wconf 88' lang='lat' dir='ltr'><strong>Omnes</strong></span> <span class='ocrx_word' id='word_1_14' title='bbox 635 805 868 893; x_wconf 73' lang='grc' dir='ltr'><strong><em>ἐνθουσιασμῷ</em></strong></span> <span class='ocrx_word' id='word_1_15' title='bbox 881 812 994 896; x_wconf 89' lang='lat' dir='ltr'><strong>plane,</strong></span> <span class='ocrx_word' id='word_1_16' title='bbox 1016 820 1053 873; x_wconf 93' lang='lat' dir='ltr'><strong>ut</strong></span> <span class='ocrx_word' id='word_1_17' title='bbox 1070 809 1128 873; x_wconf 88' lang='lat' dir='ltr'><strong>ille</strong></span> <span class='ocrx_word' id='word_1_18' title='bbox 1145 810 1210 888; x_wconf 89' lang='lat' dir='ltr'><strong>ait,</strong></span> <span class='ocrx_word' id='word_1_19' title='bbox 1234 809 1318 872; x_wconf 83' lang='lat' dir='ltr'><strong>iere-</strong></span> <span class='ocrx_word' id='word_1_20' title='bbox 1426 891 1427 896; x_wconf 5' lang='grc' dir='ltr'>ἵ</span> 
     </span>
    </p>
   </div>
   <div class='ocr_carea' id='block_1_4' title="bbox 287 922 1317 1119">
    <p class='ocr_par' dir='ltr' id='par_1_4' title="bbox 287 907 1427 1119">
     <span class='ocr_line' id='line_1_4' title="bbox 287 922 1317 1013; baseline -0.005 -20"><span class='ocrx_word' id='word_1_21' title='bbox 287 928 404 993; x_wconf 78' lang='lat' dir='ltr'><strong>bantur</strong></span> <span class='ocrx_word' id='word_1_22' title='bbox 422 926 637 1013; x_wconf 86' lang='lat' dir='ltr'><strong>praeceptoris</strong></span> <span class='ocrx_word' id='word_1_23' title='bbox 656 922 1011 1011; x_wconf 84' lang='lat' dir='ltr'><strong>salutandi‚ipsiusque</strong></span> <span class='ocrx_word' id='word_1_24' title='bbox 1023 925 1058 988; x_wconf 91' lang='lat' dir='ltr'><strong>in</strong></span> <span class='ocrx_word' id='word_1_25' title='bbox 1079 924 1317 988; x_wconf 74' lang='lat' dir='ltr'><strong>laetitiaecom</strong></span> 
     </span>
     <span class='ocr_line' id='line_1_5' title="bbox 288 1038 1316 1119; baseline -0.006 -12"><span class='ocrx_word' id='word_1_26' title='bbox 288 1044 474 1108; x_wconf 84' lang='lat' dir='ltr'><strong>munionem</strong></span> <span class='ocrx_word' id='word_1_27' title='bbox 499 1039 657 1106; x_wconf 85' lang='lat' dir='ltr'><strong>veniendi.</strong></span> <span class='ocrx_word' id='word_1_28' title='bbox 681 1038 823 1104; x_wconf 79' lang='lat' dir='ltr'><strong>Adibant</strong></span> <span class='ocrx_word' id='word_1_29' title='bbox 848 1058 942 1119; x_wconf 88' lang='lat' dir='ltr'><strong>eum,</strong></span> <span class='ocrx_word' id='word_1_30' title='bbox 966 1058 1030 1104; x_wconf 91' lang='lat' dir='ltr'><strong>non</strong></span> <span class='ocrx_word' id='word_1_31' title='bbox 1054 1046 1151 1103; x_wconf 85' lang='lat' dir='ltr'><strong>cantu</strong></span> <span class='ocrx_word' id='word_1_32' title='bbox 1171 1048 1316 1117; x_wconf 87' lang='lat' dir='ltr'><strong>tantum,</strong></span> 
     </span>
    </p>
   </div>
   <div class='ocr_carea' id='block_1_5' title="bbox 288 1149 1428 1240">
    <p class='ocr_par' dir='ltr' id='par_1_5' title="bbox 288 1149 1428 1240">
     <span class='ocr_line' id='line_1_6' title="bbox 288 1149 1428 1240; baseline -0.007 -18"><span class='ocrx_word' id='word_1_33' title='bbox 288 1156 609 1222; x_wconf 82' lang='lat' dir='ltr'><strong>verumetiamrnltu</strong></span> <span class='ocrx_word' id='word_1_34' title='bbox 621 1166 653 1219; x_wconf 90' lang='lat' dir='ltr'><strong>et</strong></span> <span class='ocrx_word' id='word_1_35' title='bbox 670 1149 968 1240; x_wconf 86' lang='lat' dir='ltr'><strong>corporumbabitu</strong></span> <span class='ocrx_word' id='word_1_36' title='bbox 987 1169 1026 1218; x_wconf 85' lang='lat' dir='ltr'><strong>uc</strong></span> <span class='ocrx_word' id='word_1_37' title='bbox 1048 1165 1137 1218; x_wconf 90' lang='lat' dir='ltr'><strong>motu</strong></span> <span class='ocrx_word' id='word_1_38' title='bbox 1149 1156 1317 1219; x_wconf 79' lang='lat' dir='ltr'><strong>maximam</strong></span> <span class='ocrx_word' id='word_1_39' title='bbox 1427 1171 1428 1214; x_wconf 77' lang='lat' dir='ltr'><strong>i</strong></span> 
     </span>
    </p>
   </div>
   <div class='ocr_carea' id='block_1_6' title="bbox 291 1264 1318 1358">
    <p class='ocr_par' dir='ltr' id='par_1_6' title="bbox 291 1264 1318 1358">
     <span class='ocr_line' id='line_1_7' title="bbox 291 1264 1318 1358; baseline -0.002 -22"><span class='ocrx_word' id='word_1_40' title='bbox 291 1272 503 1358; x_wconf 84' lang='lat' dir='ltr'><strong>exprimentes</strong></span> <span class='ocrx_word' id='word_1_41' title='bbox 521 1271 672 1335; x_wconf 78' lang='lat' dir='ltr'><strong>laetitiam</strong></span> <span class='ocrx_word' id='word_1_42' title='bbox 685 1280 716 1332; x_wconf 88' lang='lat' dir='ltr'><strong>et</strong></span> <span class='ocrx_word' id='word_1_43' title='bbox 737 1264 942 1334; x_wconf 79' lang='lat' dir='ltr'><strong>bilaritatem.</strong></span> <span class='ocrx_word' id='word_1_44' title='bbox 982 1268 1141 1350; x_wconf 79' lang='lat' dir='ltr'><strong>Henstlio,</strong></span> <span class='ocrx_word' id='word_1_45' title='bbox 1160 1269 1217 1333; x_wconf 89' lang='lat' dir='ltr'><strong>cui</strong></span> <span class='ocrx_word' id='word_1_46' title='bbox 1239 1268 1318 1334; x_wconf 79' lang='lat' dir='ltr'><strong>baec</strong></span> 
     </span>
    </p>
   </div>
   <div class='ocr_carea' id='block_1_7' title="bbox 290 1382 1429 1589">
    <p class='ocr_par' dir='ltr' id='par_1_7' title="bbox 290 1382 1429 1589">
     <span class='ocr_line' id='line_1_8' title="bbox 290 1382 1428 1472; baseline -0.006 -21"><span class='ocrx_word' id='word_1_47' title='bbox 290 1405 392 1472; x_wconf 89' lang='lat' dir='ltr'><strong>paene</strong></span> <span class='ocrx_word' id='word_1_48' title='bbox 405 1386 575 1471; x_wconf 71' lang='lat' dir='ltr'><strong>improvisa</strong></span> <span class='ocrx_word' id='word_1_49' title='bbox 592 1383 800 1463; x_wconf 84' lang='lat' dir='ltr'><strong>accidebant,</strong></span> <span class='ocrx_word' id='word_1_50' title='bbox 811 1401 926 1468; x_wconf 89' lang='lat' dir='ltr'><strong>parum</strong></span> <span class='ocrx_word' id='word_1_51' title='bbox 936 1393 1005 1447; x_wconf 90' lang='lat' dir='ltr'><strong>erat</strong></span> <span class='ocrx_word' id='word_1_52' title='bbox 1018 1382 1174 1465; x_wconf 77' lang='lat' dir='ltr'><strong>juvenum</strong></span> <span class='ocrx_word' id='word_1_53' title='bbox 1189 1382 1318 1469; x_wconf 73' lang='lat' dir='ltr'><strong>delega-</strong></span> <span class='ocrx_word' id='word_1_54' title='bbox 1425 1385 1428 1396; x_wconf 70' lang='lat'><strong>⁴</strong></span> 
     </span>
     <span class='ocr_line' id='line_1_9' title="bbox 290 1483 1429 1589; baseline -0.004 -24"><span class='ocrx_word' id='word_1_55' title='bbox 290 1503 352 1581; x_wconf 91' lang='lat' dir='ltr'><strong>tis,</strong></span> <span class='ocrx_word' id='word_1_56' title='bbox 376 1502 433 1589; x_wconf 90' lang='lat' dir='ltr'><strong>qni</strong></span> <span class='ocrx_word' id='word_1_57' title='bbox 446 1501 597 1565; x_wconf 81' lang='lat' dir='ltr'><strong>conclave</strong></span> <span class='ocrx_word' id='word_1_58' title='bbox 608 1500 818 1578; x_wconf 82' lang='lat' dir='ltr'><strong>intraverant,</strong></span> <span class='ocrx_word' id='word_1_59' title='bbox 830 1498 987 1577; x_wconf 81' lang='lat' dir='ltr'><strong>breviter,</strong></span> <span class='ocrx_word' id='word_1_60' title='bbox 1003 1497 1058 1561; x_wconf 87' lang='lat' dir='ltr'><strong>sed</strong></span> <span class='ocrx_word' id='word_1_61' title='bbox 1070 1514 1134 1560; x_wconf 84' lang='lat' dir='ltr'><strong>non</strong></span> <span class='ocrx_word' id='word_1_62' title='bbox 1150 1497 1318 1561; x_wconf 85' lang='lat' dir='ltr'><strong>sinerensu</strong></span> <span class='ocrx_word' id='word_1_63' title='bbox 1428 1483 1429 1572; x_wconf 60' lang='lat' dir='ltr'><strong>l</strong></span> 
     </span>
    </p>
   </div>
   <div class='ocr_carea' id='block_1_8' title="bbox 290 1610 1319 1812">
    <p class='ocr_par' dir='ltr' id='par_1_8' title="bbox 290 1610 1319 1812">
     <span class='ocr_line' id='line_1_10' title="bbox 290 1610 1317 1702; baseline -0.004 -23"><span class='ocrx_word' id='word_1_64' title='bbox 290 1616 484 1702; x_wconf 84' lang='lat' dir='ltr'><strong>affectuque,</strong></span> <span class='ocrx_word' id='word_1_65' title='bbox 500 1612 721 1700; x_wconf 80' lang='lat' dir='ltr'><strong>respondisse3</strong></span> <span class='ocrx_word' id='word_1_66' title='bbox 745 1611 786 1676; x_wconf 80' lang='lat' dir='ltr'><strong>ad</strong></span> <span class='ocrx_word' id='word_1_67' title='bbox 800 1612 971 1675; x_wconf 81' lang='lat' dir='ltr'><strong>fenestram</strong></span> <span class='ocrx_word' id='word_1_68' title='bbox 991 1622 1103 1697; x_wconf 87' lang='lat' dir='ltr'><strong>sponte</strong></span> <span class='ocrx_word' id='word_1_69' title='bbox 1120 1610 1317 1691; x_wconf 83' lang='lat' dir='ltr'><strong>trahebatur,</strong></span> 
     </span>
     <span class='ocr_line' id='line_1_11' title="bbox 290 1714 1319 1812; baseline -0.006 -19"><span class='ocrx_word' id='word_1_70' title='bbox 290 1746 417 1793; x_wconf 86' lang='lat' dir='ltr'><strong>omnem</strong></span> <span class='ocrx_word' id='word_1_71' title='bbox 442 1750 592 1795; x_wconf 85' lang='lat' dir='ltr'><strong>coronam</strong></span> <span class='ocrx_word' id='word_1_72' title='bbox 610 1726 740 1791; x_wconf 85' lang='lat' dir='ltr'><strong>videndi</strong></span> <span class='ocrx_word' id='word_1_73' title='bbox 766 1726 886 1812; x_wconf 87' lang='lat' dir='ltr'><strong>gratia,</strong></span> <span class='ocrx_word' id='word_1_74' title='bbox 906 1714 1076 1789; x_wconf 70' lang='grc' dir='ltr'><strong><em>κάλλιστον</em></strong></span> <span class='ocrx_word' id='word_1_75' title='bbox 1103 1722 1184 1790; x_wconf 89' lang='lat' dir='ltr'><strong>illud</strong></span> <span class='ocrx_word' id='word_1_76' title='bbox 1205 1721 1319 1806; x_wconf 74' lang='lat' dir='ltr'><strong>alapa</strong></span> 
     </span>
    </p>
   </div>
   <div class='ocr_carea' id='block_1_9' title="bbox 290 1838 1429 1926">
    <p class='ocr_par' dir='ltr' id='par_1_9' title="bbox 290 1838 1429 1926">
     <span class='ocr_line' id='line_1_12' title="bbox 290 1838 1429 1926; baseline -0.005 -19"><span class='ocrx_word' id='word_1_77' title='bbox 290 1842 339 1926; x_wconf 77' lang='lat' dir='ltr'><strong>aqi</strong></span> <span class='ocrx_word' id='word_1_78' title='bbox 360 1839 713 1925; x_wconf 61' lang='lat' dir='ltr'><strong>(imprecationes,</strong></span> <span class='ocrx_word' id='word_1_79' title='bbox 738 1841 1018 1907; x_wconf 84' lang='lat' dir='ltr'><strong>ubitantostntim</strong></span> <span class='ocrx_word' id='word_1_80' title='bbox 1035 1841 1192 1925; x_wconf 86' lang='lat' dir='ltr'><strong>etplanen</strong></span> <span class='ocrx_word' id='word_1_81' title='bbox 1208 1838 1318 1903; x_wconf 63' lang='lat' dir='ltr'><strong>etcla⁴</strong></span> <span class='ocrx_word' id='word_1_82' title='bbox 1428 1865 1429 1868; x_wconf 41' lang='lat'>¹</span> 
     </span>
    </p>
   </div>
   <div class='ocr_carea' id='block_1_10' title="bbox 262 1955 1326 2272">
    <p class='ocr_par' dir='ltr' id='par_1_10' title="bbox 262 1955 1326 2272">
     <span class='ocr_line' id='line_1_13' title="bbox 289 1955 1326 2042; baseline -0.001 -23"><span class='ocrx_word' id='word_1_83' title='bbox 289 1972 378 2021; x_wconf 86' lang='lat' dir='ltr'><strong>mere</strong></span> <span class='ocrx_word' id='word_1_84' title='bbox 398 1955 635 2041; x_wconf 76' lang='lat' dir='ltr'><strong>excipiebatur,</strong></span> <span class='ocrx_word' id='word_1_85' title='bbox 664 1967 700 2021; x_wconf 87' lang='lat' dir='ltr'><strong>nt</strong></span> <span class='ocrx_word' id='word_1_86' title='bbox 719 1958 848 2042; x_wconf 89' lang='lat' dir='ltr'><strong>penitus</strong></span> <span class='ocrx_word' id='word_1_87' title='bbox 870 1964 1141 2034; x_wconf 79' lang='lat' dir='ltr'><strong>commoreretur,</strong></span> <span class='ocrx_word' id='word_1_88' title='bbox 1165 1976 1227 2018; x_wconf 85' lang='lat' dir='ltr'><strong>nec</strong></span> <span class='ocrx_word' id='word_1_89' title='bbox 1246 1971 1326 2039; x_wconf 57' lang='lat' dir='ltr'><strong>poss</strong></span> 
     </span>
     <span class='ocr_line' id='line_1_14' title="bbox 262 2065 1319 2155; baseline -0.004 -20"><span class='ocrx_word' id='word_1_90' title='bbox 262 2072 264 2077; x_wconf 79' lang='grc'><strong>’</strong></span> <span class='ocrx_word' id='word_1_91' title='bbox 292 2082 340 2135; x_wconf 89' lang='lat' dir='ltr'><strong>set</strong></span> <span class='ocrx_word' id='word_1_92' title='bbox 358 2090 444 2150; x_wconf 89' lang='lat' dir='ltr'><strong>non,</strong></span> <span class='ocrx_word' id='word_1_93' title='bbox 479 2092 512 2135; x_wconf 88' lang='lat' dir='ltr'><strong>se</strong></span> <span class='ocrx_word' id='word_1_94' title='bbox 542 2070 583 2135; x_wconf 88' lang='lat' dir='ltr'><strong>ad</strong></span> <span class='ocrx_word' id='word_1_95' title='bbox 605 2070 740 2155; x_wconf 76' lang='lat' dir='ltr'><strong>juvenes</strong></span> <span class='ocrx_word' id='word_1_96' title='bbox 762 2082 971 2150; x_wconf 76' lang='lat' dir='ltr'><strong>convertens,</strong></span> <span class='ocrx_word' id='word_1_97' title='bbox 995 2070 1122 2135; x_wconf 84' lang='lat' dir='ltr'><strong>intimes</strong></span> <span class='ocrx_word' id='word_1_98' title='bbox 1139 2068 1177 2132; x_wconf 91' lang='lat' dir='ltr'><strong>iis</strong></span> <span class='ocrx_word' id='word_1_99' title='bbox 1193 2065 1319 2154; x_wconf 84' lang='lat' dir='ltr'><strong>aperire</strong></span> 
     </span>
     <span class='ocr_line' id='line_1_15' title="bbox 290 2183 1318 2272; baseline -0.004 -23"><span class='ocrx_word' id='word_1_100' title='bbox 290 2183 389 2249; x_wconf 89' lang='lat' dir='ltr'><strong>animi</strong></span> <span class='ocrx_word' id='word_1_101' title='bbox 408 2205 528 2251; x_wconf 86' lang='lat' dir='ltr'><strong>sensus.</strong></span> <span class='ocrx_word' id='word_1_102' title='bbox 573 2186 711 2272; x_wconf 88' lang='lat' dir='ltr'><strong>Itaque,</strong></span> <span class='ocrx_word' id='word_1_103' title='bbox 736 2186 863 2251; x_wconf 90' lang='lat' dir='ltr'><strong>silentio</strong></span> <span class='ocrx_word' id='word_1_104' title='bbox 882 2194 1011 2265; x_wconf 83' lang='lat' dir='ltr'><strong>exorto,</strong></span> <span class='ocrx_word' id='word_1_105' title='bbox 1043 2184 1216 2248; x_wconf 81' lang='lat' dir='ltr'><strong>amicitiam</strong></span> <span class='ocrx_word' id='word_1_106' title='bbox 1230 2204 1318 2245; x_wconf 50' lang='lat' dir='ltr'><strong>*mn*</strong></span> 
     </span>
    </p>
   </div>
   <div class='ocr_carea' id='block_1_11' title="bbox 291 2287 1429 2385">
    <p class='ocr_par' dir='ltr' id='par_1_11' title="bbox 291 2287 1429 2385">
     <span class='ocr_line' id='line_1_16' title="bbox 291 2287 1429 2385; baseline -0.002 -24"><span class='ocrx_word' id='word_1_107' title='bbox 291 2308 449 2385; x_wconf 88' lang='lat' dir='ltr'><strong>tuumque</strong></span> <span class='ocrx_word' id='word_1_108' title='bbox 468 2320 610 2363; x_wconf 88' lang='lat' dir='ltr'><strong>amorem</strong></span> <span class='ocrx_word' id='word_1_109' title='bbox 627 2287 831 2383; x_wconf 86' lang='lat' dir='ltr'><strong>celebrabat,</strong></span> <span class='ocrx_word' id='word_1_110' title='bbox 856 2308 887 2363; x_wconf 88' lang='lat' dir='ltr'><strong>et</strong></span> <span class='ocrx_word' id='word_1_111' title='bbox 905 2295 1318 2384; x_wconf 82' lang='lat' dir='ltr'><strong>«bis-inquit-nosmei</strong></span> <span class='ocrx_word' id='word_1_112' title='bbox 1370 2336 1373 2341; x_wconf 96' lang='lat'>-</span> <span class='ocrx_word' id='word_1_113' title='bbox 1428 2327 1429 2372; x_wconf 82' lang='lat'>3</span> 
     </span>
    </p>
   </div>
   <div class='ocr_carea' id='block_1_12' title="bbox 275 2389 1429 2846">
    <p class='ocr_par' dir='ltr' id='par_1_12' title="bbox 275 2389 1429 2846">
     <span class='ocr_line' id='line_1_17' title="bbox 275 2389 1429 2500; baseline -0.004 -23"><span class='ocrx_word' id='word_1_114' title='bbox 275 2412 429 2477; x_wconf 80' lang='lat' dir='ltr'><strong>&#39;invicem</strong></span> <span class='ocrx_word' id='word_1_115' title='bbox 451 2414 819 2499; x_wconf 87' lang='lat' dir='ltr'><strong>prosequimnr‚nptimi</strong></span> <span class='ocrx_word' id='word_1_116' title='bbox 836 2412 982 2500; x_wconf 83' lang='lat' dir='ltr'><strong>mihique</strong></span> <span class='ocrx_word' id='word_1_117' title='bbox 1001 2412 1154 2477; x_wconf 80' lang='lat' dir='ltr'><strong>carissimi</strong></span> <span class='ocrx_word' id='word_1_118' title='bbox 1165 2410 1317 2495; x_wconf 72' lang='lat' dir='ltr'><strong>juvenest</strong></span> <span class='ocrx_word' id='word_1_119' title='bbox 1428 2389 1429 2422; x_wconf 19' lang='lat' dir='ltr'><strong>l</strong></span> 
     </span>
     <span class='ocr_line' id='line_1_18' title="bbox 290 2514 1315 2609; baseline -0.004 -15"><span class='ocrx_word' id='word_1_120' title='bbox 290 2514 377 2594; x_wconf 80' lang='lat' dir='ltr'><strong>Haec</strong></span> <span class='ocrx_word' id='word_1_121' title='bbox 400 2527 478 2593; x_wconf 88' lang='lat' dir='ltr'><strong>bora</strong></span> <span class='ocrx_word' id='word_1_122' title='bbox 500 2528 588 2594; x_wconf 88' lang='lat' dir='ltr'><strong>testis</strong></span> <span class='ocrx_word' id='word_1_123' title='bbox 622 2537 699 2595; x_wconf 88' lang='lat' dir='ltr'><strong>esto.</strong></span> <span class='ocrx_word' id='word_1_124' title='bbox 751 2527 827 2593; x_wconf 88' lang='lat' dir='ltr'><strong>llibi</strong></span> <span class='ocrx_word' id='word_1_125' title='bbox 853 2525 1088 2593; x_wconf 86' lang='lat' dir='ltr'><strong>incredibiliter</strong></span> <span class='ocrx_word' id='word_1_126' title='bbox 1113 2524 1315 2609; x_wconf 86' lang='lat' dir='ltr'><strong>jucundum,</strong></span> 
     </span>
     <span class='ocr_line' id='line_1_19' title="bbox 290 2627 1318 2729; baseline -0.001 -23"><span class='ocrx_word' id='word_1_127' title='bbox 290 2663 432 2707; x_wconf 84' lang='lat' dir='ltr'><strong>summae</strong></span> <span class='ocrx_word' id='word_1_128' title='bbox 453 2627 610 2729; x_wconf 81' lang='lat' dir='ltr'><strong>voluptati</strong></span> <span class='ocrx_word' id='word_1_129' title='bbox 634 2653 691 2723; x_wconf 89' lang='lat' dir='ltr'><strong>est,</strong></span> <span class='ocrx_word' id='word_1_130' title='bbox 712 2664 783 2708; x_wconf 88' lang='lat' dir='ltr'><strong>eam</strong></span> <span class='ocrx_word' id='word_1_131' title='bbox 802 2644 858 2708; x_wconf 84' lang='lat' dir='ltr'><strong>bic</strong></span> <span class='ocrx_word' id='word_1_132' title='bbox 877 2640 1044 2728; x_wconf 77' lang='lat' dir='ltr'><strong>adspicere</strong></span> <span class='ocrx_word' id='word_1_133' title='bbox 1061 2642 1179 2707; x_wconf 83' lang='lat' dir='ltr'><strong>civium</strong></span> <span class='ocrx_word' id='word_1_134' title='bbox 1194 2640 1318 2706; x_wconf 79' lang='lat' dir='ltr'><strong>Acade·</strong></span> 
     </span>
     <span class='ocr_line' id='line_1_20' title="bbox 291 2757 1318 2846; baseline -0.001 -26"><span class='ocrx_word' id='word_1_135' title='bbox 291 2758 449 2820; x_wconf 87' lang='lat' dir='ltr'><strong>micorum</strong></span> <span class='ocrx_word' id='word_1_136' title='bbox 467 2757 701 2842; x_wconf 83' lang='lat' dir='ltr'><strong>frequentiam,</strong></span> <span class='ocrx_word' id='word_1_137' title='bbox 727 2769 759 2820; x_wconf 93' lang='lat' dir='ltr'><strong>et</strong></span> <span class='ocrx_word' id='word_1_138' title='bbox 777 2773 954 2845; x_wconf 88' lang='lat' dir='ltr'><strong>numquam</strong></span> <span class='ocrx_word' id='word_1_139' title='bbox 965 2759 1129 2843; x_wconf 82' lang='lat' dir='ltr'><strong>proiectu,</strong></span> <span class='ocrx_word' id='word_1_140' title='bbox 1141 2774 1318 2846; x_wconf 82' lang='lat' dir='ltr'><strong>numquam</strong></span> 
     </span>
    </p>
   </div>
   <div class='ocr_carea' id='block_1_13' title="bbox 188 2861 1320 2937">
    <p class='ocr_par' dir='ltr' id='par_1_13' title="bbox 188 2861 1320 2937">
     <span class='ocr_line' id='line_1_21' title="bbox 188 2861 1320 2937; baseline 0 -3"><span class='ocrx_word' id='word_1_141' title='bbox 188 2906 191 2926; x_wconf 71' lang='grc' dir='ltr'>ι</span> <span class='ocrx_word' id='word_1_142' title='bbox 290 2870 374 2936; x_wconf 87' lang='lat' dir='ltr'><strong>haec</strong></span> <span class='ocrx_word' id='word_1_143' title='bbox 387 2871 466 2935; x_wconf 85' lang='lat' dir='ltr'><strong>bera</strong></span> <span class='ocrx_word' id='word_1_144' title='bbox 497 2892 534 2934; x_wconf 89' lang='lat' dir='ltr'><strong>ex</strong></span> <span class='ocrx_word' id='word_1_145' title='bbox 563 2871 668 2935; x_wconf 89' lang='lat' dir='ltr'><strong>animo</strong></span> <span class='ocrx_word' id='word_1_146' title='bbox 691 2870 827 2936; x_wconf 83' lang='lat' dir='ltr'><strong>excidet.</strong></span> <span class='ocrx_word' id='word_1_147' title='bbox 860 2871 1042 2937; x_wconf 77' lang='lat' dir='ltr'><strong>Amicitiam</strong></span> <span class='ocrx_word' id='word_1_148' title='bbox 1061 2883 1092 2936; x_wconf 88' lang='lat' dir='ltr'><strong>et</strong></span> <span class='ocrx_word' id='word_1_149' title='bbox 1109 2887 1249 2936; x_wconf 82' lang='lat' dir='ltr'><strong>amarem</strong></span> <span class='ocrx_word' id='word_1_150' title='bbox 1268 2861 1320 2934; x_wconf 69' lang='lat' dir='ltr'><strong>di</strong></span> 
     </span>
    </p>
   </div>
   <div class='ocr_carea' id='block_1_14' title="bbox 221 2978 1321 3761">
    <p class='ocr_par' dir='ltr' id='par_1_14' title="bbox 221 2978 1321 3761">
     <span class='ocr_line' id='line_1_22' title="bbox 290 2978 1320 3072; baseline 0.001 -22"><span class='ocrx_word' id='word_1_151' title='bbox 290 3004 349 3065; x_wconf 86' lang='lat' dir='ltr'><strong>cn,</strong></span> <span class='ocrx_word' id='word_1_152' title='bbox 375 2983 525 3050; x_wconf 87' lang='lat' dir='ltr'><strong>ethercle</strong></span> <span class='ocrx_word' id='word_1_153' title='bbox 535 2984 630 3068; x_wconf 88' lang='lat' dir='ltr'><strong>jubet</strong></span> <span class='ocrx_word' id='word_1_154' title='bbox 647 2985 772 3049; x_wconf 82' lang='lat' dir='ltr'><strong>animus</strong></span> <span class='ocrx_word' id='word_1_155' title='bbox 789 2978 923 3070; x_wconf 89' lang='lat' dir='ltr'><strong>publice</strong></span> <span class='ocrx_word' id='word_1_156' title='bbox 933 2985 1165 3067; x_wconf 85' lang='lat' dir='ltr'><strong>declarare,eo</strong></span> <span class='ocrx_word' id='word_1_157' title='bbox 1176 3008 1227 3050; x_wconf 90' lang='lat' dir='ltr'><strong>me</strong></span> <span class='ocrx_word' id='word_1_158' title='bbox 1242 3005 1320 3072; x_wconf 87' lang='lat' dir='ltr'><strong>erga</strong></span> 
     </span>
     <span class='ocr_line' id='line_1_23' title="bbox 291 3095 1315 3188; baseline 0.001 -26"><span class='ocrx_word' id='word_1_159' title='bbox 291 3117 344 3165; x_wconf 83' lang='lat' dir='ltr'><strong>ves</strong></span> <span class='ocrx_word' id='word_1_160' title='bbox 363 3095 440 3164; x_wconf 83' lang='lat' dir='ltr'><strong>duci</strong></span> <span class='ocrx_word' id='word_1_161' title='bbox 457 3099 616 3179; x_wconf 80' lang='lat' dir='ltr'><strong>maxim03</strong></span> <span class='ocrx_word' id='word_1_162' title='bbox 653 3115 830 3187; x_wconf 86' lang='lat' dir='ltr'><strong>numquam</strong></span> <span class='ocrx_word' id='word_1_163' title='bbox 851 3111 1006 3181; x_wconf 88' lang='lat' dir='ltr'><strong>nostram,</strong></span> <span class='ocrx_word' id='word_1_164' title='bbox 1039 3122 1104 3188; x_wconf 89' lang='lat' dir='ltr'><strong>qua</strong></span> <span class='ocrx_word' id='word_1_165' title='bbox 1123 3101 1315 3187; x_wconf 77' lang='lat' dir='ltr'><strong>jungimur,</strong></span> 
     </span>
     <span class='ocr_line' id='line_1_24' title="bbox 289 3212 1318 3303; baseline 0 -25"><span class='ocrx_word' id='word_1_166' title='bbox 289 3212 559 3280; x_wconf 86' lang='lat' dir='ltr'><strong>necessitudinem</strong></span> <span class='ocrx_word' id='word_1_167' title='bbox 583 3215 628 3280; x_wconf 84' lang='lat' dir='ltr'><strong>ite</strong></span> <span class='ocrx_word' id='word_1_168' title='bbox 651 3215 779 3302; x_wconf 84' lang='lat' dir='ltr'><strong>penitus</strong></span> <span class='ocrx_word' id='word_1_169' title='bbox 808 3216 910 3296; x_wconf 89' lang='lat' dir='ltr'><strong>sensi,</strong></span> <span class='ocrx_word' id='word_1_170' title='bbox 946 3216 995 3279; x_wconf 91' lang='lat' dir='ltr'><strong>nti</strong></span> <span class='ocrx_word' id='word_1_171' title='bbox 1022 3226 1110 3303; x_wconf 74' lang='lat' dir='ltr'><strong>nnnc</strong></span> <span class='ocrx_word' id='word_1_172' title='bbox 1137 3215 1318 3301; x_wconf 55' lang='lat' dir='ltr'><strong>persenam</strong></span> 
     </span>
     <span class='ocr_line' id='line_1_25' title="bbox 289 3326 1319 3416; baseline 0 -22"><span class='ocrx_word' id='word_1_173' title='bbox 289 3345 398 3394; x_wconf 85' lang='lat' dir='ltr'><strong>amore</strong></span> <span class='ocrx_word' id='word_1_174' title='bbox 413 3347 465 3393; x_wconf 86' lang='lat' dir='ltr'><strong>me</strong></span> <span class='ocrx_word' id='word_1_175' title='bbox 484 3329 734 3415; x_wconf 80' lang='lat' dir='ltr'><strong>amplectimini,</strong></span> <span class='ocrx_word' id='word_1_176' title='bbox 758 3329 793 3394; x_wconf 81' lang='lat' dir='ltr'><strong>iti</strong></span> <span class='ocrx_word' id='word_1_177' title='bbox 810 3338 897 3394; x_wconf 81' lang='lat' dir='ltr'><strong>nune</strong></span> <span class='ocrx_word' id='word_1_178' title='bbox 917 3329 1059 3416; x_wconf 77' lang='lat' dir='ltr'><strong>probatis</strong></span> <span class='ocrx_word' id='word_1_179' title='bbox 1077 3326 1319 3409; x_wconf 85' lang='lat' dir='ltr'><strong>efficacissime,</strong></span> 
     </span>
     <span class='ocr_line' id='line_1_26' title="bbox 221 3435 1321 3534; baseline 0.001 -27"><span class='ocrx_word' id='word_1_180' title='bbox 221 3528 225 3534; x_wconf 16' lang='grc' dir='ltr'><em>η</em></span> <span class='ocrx_word' id='word_1_181' title='bbox 289 3444 346 3507; x_wconf 86' lang='lat' dir='ltr'><strong>sed</strong></span> <span class='ocrx_word' id='word_1_182' title='bbox 367 3445 455 3508; x_wconf 80' lang='lat' dir='ltr'><strong>nunc</strong></span> <span class='ocrx_word' id='word_1_183' title='bbox 471 3445 586 3508; x_wconf 88' lang='lat' dir='ltr'><strong>sentire</strong></span> <span class='ocrx_word' id='word_1_184' title='bbox 611 3443 693 3508; x_wconf 79' lang='lat' dir='ltr'><strong>milri</strong></span> <span class='ocrx_word' id='word_1_185' title='bbox 710 3443 840 3524; x_wconf 83' lang='lat' dir='ltr'><strong>videm,</strong></span> <span class='ocrx_word' id='word_1_186' title='bbox 861 3459 899 3510; x_wconf 81' lang='lat' dir='ltr'><strong>ao</strong></span> <span class='ocrx_word' id='word_1_187' title='bbox 918 3464 969 3508; x_wconf 91' lang='lat' dir='ltr'><strong>me</strong></span> <span class='ocrx_word' id='word_1_188' title='bbox 985 3437 1119 3532; x_wconf 78' lang='lat' dir='ltr'><strong>dignuin</strong></span> <span class='ocrx_word' id='word_1_189' title='bbox 1138 3461 1214 3510; x_wconf 81' lang='lat' dir='ltr'><strong>esse.</strong></span> <span class='ocrx_word' id='word_1_190' title='bbox 1238 3435 1321 3510; x_wconf 75' lang='lat' dir='ltr'><strong>Sae-</strong></span> 
     </span>
     <span class='ocr_line' id='line_1_27' title="bbox 289 3543 1320 3646; baseline 0.004 -26"><span class='ocrx_word' id='word_1_191' title='bbox 289 3557 360 3643; x_wconf 84' lang='lat' dir='ltr'><strong>pius</strong></span> <span class='ocrx_word' id='word_1_192' title='bbox 378 3557 456 3622; x_wconf 85' lang='lat' dir='ltr'><strong>binc</strong></span> <span class='ocrx_word' id='word_1_193' title='bbox 473 3557 536 3621; x_wconf 90' lang='lat' dir='ltr'><strong>alio</strong></span> <span class='ocrx_word' id='word_1_194' title='bbox 555 3559 709 3638; x_wconf 80' lang='lat' dir='ltr'><strong>vocabar,</strong></span> <span class='ocrx_word' id='word_1_195' title='bbox 734 3573 859 3646; x_wconf 84' lang='lat' dir='ltr'><strong>semper</strong></span> <span class='ocrx_word' id='word_1_196' title='bbox 878 3543 1017 3624; x_wconf 76' lang='lat' dir='ltr'><strong>oblatam</strong></span> <span class='ocrx_word' id='word_1_197' title='bbox 1037 3558 1320 3637; x_wconf 63' lang='lat' dir='ltr'><strong>counitionemre&#39;-</strong></span> 
     </span>
     <span class='ocr_line' id='line_1_28' title="bbox 289 3671 1318 3761; baseline 0.004 -26"><span class='ocrx_word' id='word_1_198' title='bbox 289 3671 439 3757; x_wconf 80' lang='lat' dir='ltr'><strong>pudiatl,</strong></span> <span class='ocrx_word' id='word_1_199' title='bbox 463 3685 641 3758; x_wconf 88' lang='lat' dir='ltr'><strong>numquam</strong></span> <span class='ocrx_word' id='word_1_200' title='bbox 659 3673 724 3736; x_wconf 86' lang='lat' dir='ltr'><strong>mei</strong></span> <span class='ocrx_word' id='word_1_201' title='bbox 743 3689 799 3737; x_wconf 86' lang='lat' dir='ltr'><strong>me</strong></span> <span class='ocrx_word' id='word_1_202' title='bbox 814 3673 939 3739; x_wconf 79' lang='lat' dir='ltr'><strong>consilii</strong></span> <span class='ocrx_word' id='word_1_203' title='bbox 955 3675 1131 3760; x_wconf 74' lang='lat' dir='ltr'><strong>poenituit,</strong></span> <span class='ocrx_word' id='word_1_204' title='bbox 1157 3675 1235 3761; x_wconf 89' lang='lat' dir='ltr'><strong>quia</strong></span> <span class='ocrx_word' id='word_1_205' title='bbox 1247 3692 1318 3739; x_wconf 81' lang='lat' dir='ltr'><strong>ma-</strong></span> 
     </span>
    </p>
   </div>
   <div class='ocr_carea' id='block_1_15' title="bbox 192 3786 1320 3876">
    <p class='ocr_par' dir='ltr' id='par_1_15' title="bbox 192 3786 1320 3876">
     <span class='ocr_line' id='line_1_29' title="bbox 192 3786 1320 3876; baseline -0.003 -21"><span class='ocrx_word' id='word_1_206' title='bbox 192 3801 202 3814; x_wconf 81' lang='lat'><em>·</em></span> <span class='ocrx_word' id='word_1_207' title='bbox 289 3787 339 3874; x_wconf 86' lang='lat' dir='ltr'><strong>gis</strong></span> <span class='ocrx_word' id='word_1_208' title='bbox 364 3786 530 3873; x_wconf 82' lang='lat' dir='ltr'><strong>magisque</strong></span> <span class='ocrx_word' id='word_1_209' title='bbox 547 3786 782 3868; x_wconf 78' lang='lat' dir='ltr'><strong>animadverte,</strong></span> <span class='ocrx_word' id='word_1_210' title='bbox 800 3801 898 3876; x_wconf 79' lang='lat' dir='ltr'><strong>quant</strong></span> <span class='ocrx_word' id='word_1_211' title='bbox 922 3800 1011 3853; x_wconf 84' lang='lat' dir='ltr'><strong>arcta</strong></span> <span class='ocrx_word' id='word_1_212' title='bbox 1033 3802 1095 3852; x_wconf 84' lang='lat' dir='ltr'><strong>nas·</strong></span> <span class='ocrx_word' id='word_1_213' title='bbox 1112 3789 1253 3853; x_wconf 78' lang='lat' dir='ltr'><strong>invicem</strong></span> <span class='ocrx_word' id='word_1_214' title='bbox 1272 3798 1320 3853; x_wconf 84' lang='lat' dir='ltr'><strong>at·</strong></span> 
     </span>
    </p>
   </div>
   <div class='ocr_carea' id='block_1_16' title="bbox 289 3901 1321 4335">
    <p class='ocr_par' dir='ltr' id='par_1_16' title="bbox 289 3901 1321 4335">
     <span class='ocr_line' id='line_1_30' title="bbox 289 3901 1320 3990; baseline 0.002 -24"><span class='ocrx_word' id='word_1_215' title='bbox 289 3903 449 3988; x_wconf 84' lang='lat' dir='ltr'><strong>tingamus</strong></span> <span class='ocrx_word' id='word_1_216' title='bbox 477 3901 734 3983; x_wconf 82' lang='lat' dir='ltr'><strong>necessitudine,</strong></span> <span class='ocrx_word' id='word_1_217' title='bbox 769 3905 846 3990; x_wconf 85' lang='lat' dir='ltr'><strong>qnia</strong></span> <span class='ocrx_word' id='word_1_218' title='bbox 871 3903 972 3990; x_wconf 88' lang='lat' dir='ltr'><strong>magis</strong></span> <span class='ocrx_word' id='word_1_219' title='bbox 989 3904 1156 3990; x_wconf 84' lang='lat' dir='ltr'><strong>magisque</strong></span> <span class='ocrx_word' id='word_1_220' title='bbox 1175 3902 1320 3968; x_wconf 88' lang='lat' dir='ltr'><strong>animad-</strong></span> 
     </span>
     <span class='ocr_line' id='line_1_31' title="bbox 289 4015 1319 4104; baseline 0.006 -28"><span class='ocrx_word' id='word_1_221' title='bbox 289 4027 398 4096; x_wconf 81' lang='lat' dir='ltr'><strong>verto,</strong></span> <span class='ocrx_word' id='word_1_222' title='bbox 417 4037 521 4081; x_wconf 87' lang='lat' dir='ltr'><strong>meam</strong></span> <span class='ocrx_word' id='word_1_223' title='bbox 544 4017 578 4081; x_wconf 92' lang='lat' dir='ltr'><strong>in</strong></span> <span class='ocrx_word' id='word_1_224' title='bbox 604 4015 724 4080; x_wconf 91' lang='lat' dir='ltr'><strong>animos</strong></span> <span class='ocrx_word' id='word_1_225' title='bbox 748 4027 866 4081; x_wconf 84' lang='lat' dir='ltr'><strong>vestros</strong></span> <span class='ocrx_word' id='word_1_226' title='bbox 896 4027 1065 4102; x_wconf 88' lang='lat' dir='ltr'><strong>penetrare</strong></span> <span class='ocrx_word' id='word_1_227' title='bbox 1093 4017 1319 4104; x_wconf 86' lang='lat' dir='ltr'><strong>disciplinam,</strong></span> 
     </span>
     <span class='ocr_line' id='line_1_32' title="bbox 290 4129 1321 4217; baseline 0.006 -27"><span class='ocrx_word' id='word_1_228' title='bbox 290 4129 366 4213; x_wconf 88' lang='lat' dir='ltr'><strong>qnia</strong></span> <span class='ocrx_word' id='word_1_229' title='bbox 386 4130 486 4215; x_wconf 89' lang='lat' dir='ltr'><strong>magis</strong></span> <span class='ocrx_word' id='word_1_230' title='bbox 511 4131 677 4217; x_wconf 88' lang='lat' dir='ltr'><strong>magisque</strong></span> <span class='ocrx_word' id='word_1_231' title='bbox 700 4130 934 4210; x_wconf 83' lang='lat' dir='ltr'><strong>animadverto,</strong></span> <span class='ocrx_word' id='word_1_232' title='bbox 954 4131 1133 4197; x_wconf 85' lang='lat' dir='ltr'><strong>animorum</strong></span> <span class='ocrx_word' id='word_1_233' title='bbox 1152 4131 1238 4195; x_wconf 86' lang='lat' dir='ltr'><strong>inter</strong></span> <span class='ocrx_word' id='word_1_234' title='bbox 1262 4154 1321 4196; x_wconf 86' lang='lat' dir='ltr'><strong>nos</strong></span> 
     </span>
     <span class='ocr_line' id='line_1_33' title="bbox 291 4240 1319 4335; baseline 0.005 -30"><span class='ocrx_word' id='word_1_235' title='bbox 291 4240 548 4323; x_wconf 76' lang='lat' dir='ltr'><strong>cunjunctionem</strong></span> <span class='ocrx_word' id='word_1_236' title='bbox 566 4265 654 4324; x_wconf 82' lang='lat' dir='ltr'><strong>esse,</strong></span> <span class='ocrx_word' id='word_1_237' title='bbox 678 4243 758 4309; x_wconf 87' lang='lat' dir='ltr'><strong>mibi</strong></span> <span class='ocrx_word' id='word_1_238' title='bbox 774 4243 1037 4335; x_wconf 70' lang='lat' dir='ltr'><strong>conjunctionem</strong></span> <span class='ocrx_word' id='word_1_239' title='bbox 1053 4246 1235 4327; x_wconf 72' lang='lat' dir='ltr'><strong>vobiscum,</strong></span> <span class='ocrx_word' id='word_1_240' title='bbox 1249 4247 1319 4333; x_wconf 85' lang='lat' dir='ltr'><strong>qui,</strong></span> 
     </span>
    </p>
   </div>
   <div class='ocr_carea' id='block_1_17' title="bbox 0 0 1443 5075">
    <p class='ocr_par' dir='ltr' id='par_1_17' title="bbox 0 0 1443 5075">
     <span class='ocr_line' id='line_1_34' title="bbox 0 0 1443 5075; baseline 0 0"><span class='ocrx_word' id='word_1_241' title='bbox 0 0 1443 5075; x_wconf 95' lang='lat' dir='ltr'><strong> </strong></span> 
     </span>
    </p>
   </div>
  </div>
 </body>
</html>
