2875 5075
18 764 19 791 q
114 706 301 790 praesertim
317 703 546 784 Academicae‚
572 725 670 792 quem
693 705 726 769 hi
743 706 830 770 heris
850 706 1025 771 subcesiris
1045 706 1148 791 inspi—

18 794 19 833 ἶ
114 830 242 898 carent,
265 819 440 897 ueletiam,
465 820 499 881 iu
516 820 601 885 bono
622 818 844 904 perseverandi
862 821 982 906 gratia,
1006 820 1146 885 lectione

114 935 368 1019 frequentarent.
382 929 407 1019 1)
445 934 513 997 Hoc
541 943 649 998 autem
674 945 839 1018 spectans,
864 934 936 999 ride
963 952 1061 1019 quam
1087 954 1149 1019 ep-

113 1057 252 1133 portune
269 1046 544 1133 Epilogurnillum
564 1049 652 1132 operi
674 1047 848 1131 adjecerit,
867 1068 948 1133 quo,
963 1068 1027 1112 non
1042 1047 1147 1111 aliena

18 1188 20 1241 ;
114 1161 169 1226 sed
186 1184 244 1225 sua
262 1164 329 1246 ipse
348 1182 482 1247 porsena
504 1161 672 1247 prodiens,
697 1161 838 1245 juniores
856 1160 974 1236 amicos
999 1172 1031 1225 et
1050 1160 1147 1226 disci·

18 1252 20 1313 ἶ
114 1276 209 1363 pulos
226 1276 414 1363 alloquitur.
449 1277 569 1363 Ecquis
597 1296 770 1363 generosus
784 1276 912 1360 juvenis
936 1295 1000 1340 non
1020 1276 1146 1361 penitus

18 1390 19 1393 ’
114 1390 332 1455 devinciretur
359 1390 462 1469 libro,
486 1390 749 1463 Heusdii··audita
775 1390 816 1455 ad
843 1412 914 1453 esse
940 1412 977 1455 ex
1004 1389 1149 1453 Helvetia

113 1504 220 1571 voce?
262 1506 300 1569 In
328 1506 465 1569 summis.
489 1505 624 1593 Alpinae
657 1516 763 1569 terrae
792 1504 917 1569 deliciis
947 1505 996 1569 vir
1011 1481 1149 1588 patriae

113 1620 349 1683 amantissimus
368 1631 401 1683 et
415 1619 498 1683 hanc
516 1620 637 1705 cogitat
654 1632 686 1683 et
700 1620 905 1703 juventutem
921 1618 1149 1684 Academicum

114 1735 147 1797 iu
170 1730 260 1819 spem
285 1733 355 1817 ejus
383 1744 663 1801 maturescentem.
714 1734 818 1817 Hujus
844 1735 877 1796 in
904 1734 971 1798 reri
1005 1734 1148 1820 bonique

18 1888 19 1905 2
113 1846 221 1913 studio
240 1868 425 1935 progressus
448 1870 514 1935 quo
536 1850 654 1913 arctius
674 1870 749 1913 cum
775 1849 898 1934 patriae
926 1848 1030 1913 salute
1049 1868 1149 1913 neres

112 1962 218 2042 ridet,
237 1962 275 2027 eo
293 1963 398 2027 nunus
416 1964 476 2027 sibi
495 1988 514 2029 a
535 1962 704 2027 scribendo
728 1975 907 2050 temperare
926 1963 1010 2027 s'lls'e
1023 1974 1145 2048 petest,

114 2077 295 2142 ubitotum
315 2076 526 2143 animemed
546 2097 686 2142 amorem
710 2090 746 2157 ,et
766 2079 940 2142 amicitiam
959 2076 1148 2163 explicitum

112 2191 222 2258 sentit.
233 2188 259 2275 ²)
284 2192 363 2278 Agit
380 2191 421 2256 de
439 2194 575 2258 consilio·
585 2193 807 2278 epistolarum,
821 2213 900 2279 quas
921 2191 1065 2261 editurus
1082 2202 1146 2255 est:

18 2352 19 2397 t
112 2304 410 2392 quidquid‘natura
437 2307 603 2386 locorum,
626 2307 659 2369 in
693 2306 811 2394 quibus
840 2307 1044 2371 felicissimus
1072 2326 1147 2371 cum

18 2414 19 2495 J
111 2420 266 2505 proximis
283 2422 426 2507 cognatis
442 2420 550 2507 degit,
568 2424 734 2506 praecepti
756 2420 933 2506 exemplive
946 2418 1147 2505 suppeditat,
1178 2460 1180 2464 ·

18 2534 19 2542 ’
110 2534 203 2600 unde
227 2535 360 2618 juvenes
379 2534 419 2598 ad
442 2534 524 2599 vires
551 2555 622 2598 suas
642 2537 762 2620 optime
787 2534 975 2599 exserendae
1003 2533 1146 2613 discant,

110 2648 304 2714 suavissime
322 2649 361 2711 iis
372 2648 513 2734 impertit
530 2649 814 2736 efficacissimeque
831 2648 1051 2714 commendat:
1069 2648 1149 2713 dicit

111 2766 156 2830 de
184 2765 333 2828 libertate
367 2775 398 2828 et
439 2767 570 2830 veritate
595 2765 756 2852 hujusque
785 2766 850 2828 rim
871 2765 910 2828 ‘in
937 2763 1149 2831 Demosthene

113 2878 395 2964 contemplandam
426 2880 575 2965 praebet:
608 2901 648 2942 ne
676 2880 737 2944 sihi
766 2879 898 2966 quidem
927 2881 998 2964 ipse
1026 2881 1147 2964 parcit,

114 2993 190 3072 sed,
212 3015 230 3055 e
260 3015 317 3058 suo
339 2993 485 3079 exemplo
510 2994 614 3079 siqui
642 2995 724 3058 forte
751 2994 909 3079 prolicere
935 2994 1050 3075 velint,
1074 3015 1148 3060 suos

116 3109 186 3193 ipse
225 3128 348 3171 errores
388 3117 418 3170 et
448 3107 563 3172 horum
598 3107 843 3192 pellendorum·
862 3119 993 3173 conatus
1030 3108 1149 3194 insigni

115 3220 256 3288 candore
277 3234 309 3285 et
331 3222 553 3286 benevolentia
577 3232 725 3286 enarrat:
748 3221 942 3307 tandemque
961 3243 979 3284 a
1002 3222 1149 3306 gravissi·

115 3339 176 3402 mis
194 3347 226 3400 et
242 3337 378 3400 maxime
395 3335 585 3402 sublimibus
597 3337 813 3422 argumentis,
833 3359 852 3399 a
870 3336 1000 3400 Socrate
1017 3355 1149 3422 quoque

116 3464 148 3515 et
163 3452 315 3530 Platone,
334 3450 373 3516 ad
400 3451 499 3514 illum·
515 3447 635 3529 evehit,
661 3469 761 3536 quem
787 3449 910 3516 dudum
939 3449 1063 3514 Platoni
1091 3470 1149 3516 sue

117 3566 213 3652 longe
235 3559 440 3652 multumque
456 3565 686 3651 anteponebat,
707 3577 825 3650 atque,
848 3565 1022 3631 «sublimis
1039 3564 1149 3650 phile-

118 3679 216 3765 sophe
227 3717 262 3728 -
272 3680 378 3766 inquit
391 3678 654 3765 -applaudimus
672 3679 731 3744 tibi
743 3691 807 3744 tam
819 3680 985 3765 praeclare
996 3681 1148 3747 monenti.

119 3793 183 3860 Sed
214 3805 251 3859 tu
278 3805 447 3882 postquam
478 3792 607 3858 devita
635 3794 816 3875 decessuri,
843 3815 943 3882 genus
973 3794 1148 3862 humanum

119 3908 206 3974 ideas
229 3921 297 3974 tuas
312 3909 448 3984 ,divinas
477 3909 507 3972 in
537 3925 619 3988 utto,
644 3929 740 3994 quem
769 3921 853 3974 terra
884 3909 981 3988 vidit,
1007 3910 1149 3993 perfecte

154 4182 180 4248 1)
204 4187 354 4252 Voorders'gt
369 4186 415 4235 der
427 4183 454 4234 30
470 4188 576 4250 us'tquve
591 4184 636 4233 der
649 4187 694 4234 Br.
715 4202 739 4250 p.
759 4186 788 4234 ll.

155 4271 181 4334 2)
201 4274 226 4321 Ρ.
247 4271 305 4320 303.
