2875 5075
160 747 164 756 .
245 698 324 774 u'm,
359 694 453 778 cujus
483 694 589 759 rsrhis
615 704 650 757 et
678 683 873 760 dictionibus
904 700 970 758 tota
989 695 1162 780 antiquitus
1181 715 1281 781 quam

243 809 423 895 plurimum
452 808 567 875 tribuit
602 808 816 875 auctoritatis.
858 808 973 894 Itaque
1003 808 1186 895 frequentia
1211 809 1283 892 ejus

245 935 336 989 eraut
367 924 503 989 monita:
542 924 702 987 mitterem
738 922 872 988 nuutios
898 921 1132 1009 philosophos,·
1149 926 1206 1010 qui
1240 924 1283 988 rle

245 1037 379 1102 Platone
404 1036 539 1123 ejusque
560 1035 764 1122 philosophia
779 1038 995 1123 scripsissent:
1016 1040 1176 1103 mitterem
1194 1060 1283 1103 com-

245 1151 361 1238 pendia
408 1150 629 1237 philosophiae
675 1150 882 1216 Platonicos:
925 1150 1078 1217 ducerem
1118 1152 1201 1217 hanc
1243 1172 1283 1217 ex

247 1266 318 1351 ipso
346 1265 499 1331 Plutones
536 1287 610 1331 nam
639 1264 761 1329 iontem
789 1286 857 1331 esse
883 1265 1074 1351 petendum,
1104 1283 1168 1331 uon
1190 1267 1284 1330 rivu-

158 1450 160 1457 ⁴
235 1360 317 1459 los,
340 1381 464 1445 fontem
483 1391 591 1445 autem
607 1396 676 1443 esse
690 1379 826 1445 maxime
840 1380 941 1464 ipsam
956 1380 1097 1445 Platonis
1114 1380 1282 1466 lingum,

246 1495 368 1581 quippe
404 1515 503 1577 quae·
519 1494 635 1558 mentis¹
665 1493 953 1581 philosophiaeque
976 1495 1160 1560 Platonicae
1188 1496 1283 1581 quasi

249 1630 430 1694 expressam
481 1609 660 1673 contineret
707 1609 891 1696 imaginem.
945 1610 1034 1673 llaec
1070 1608 1127 1671 ille
1167 1609 1284 1674 crebro
1425 1610 1429 1673 ι’

248 1732 281 1787 et
318 1734 395 1792 tum,
423 1734 456 1787 et
491 1733 611 1807 postes.
659 1722 782 1804 Quodsi
819 1744 913 1809 nunc
943 1744 1004 1809 ego
1037 1722 1099 1787 hac
1124 1722 1284 1809 interpre-

249 1835 345 1901 tenda
371 1835 574 1922 philosophia
605 1835 841 1922 quodammodo
859 1836 993 1901 videbor·
1010 1858 1126 1924 operae
1143 1839 1284 1922 pretium

247 1951 382 2030 brisso,
406 1960 511 2015 totum
529 1932 754 2016 hoc.debuerc
774 1951 912 2038 remoris
929 1952 995 2015 illis
1009 1951 1285 2017 hmstelodamen·

250 2065 358 2143 sibm,
399 2086 478 2151 quas
512 2064 547 2149 in
577 2064 774 2130 bibliotheca
804 2067 945 2152 transegi
979 2066 1283 2152 Wyttenbachiana.

251 2180 330 2245 llam
357 2200 375 2242 e
400 2180 622 2258 sermonibus,
657 2201 739 2266 qnos
760 2179 832 2245 illic
849 2180 931 2245 inihi
957 2180 1188 2245 haberelieuit
1209 2202 1284 2247 oum

251 2293 478 2359 humanissimo
503 2295 591 2373 siro,
620 2295 764 2359 fructum
788 2295 862 2380 cepi
888 2314 964 2358 sane
987 2294 1222 2380 multiplicem,
1241 2306 1285 2359 ut

251 2406 453 2493 diligentiam
483 2407 637 2471 adhibeto
665 2415 730 2472 tam
755 2409 893 2472 minimis
922 2408 1040 2487 rebus,
1069 2410 1287 2495 qrammi-

253 2522 334 2602 mis,
358 2520 515 2587 ducerem
522 2544 536 2586 ,ε
558 2522 776 2609 perspicerem
792 2521 906 2608 plane,
931 2523 1086 2608 neglectis
1103 2523 1169 2586 illis
1190 2523 1285 2588 mini-

250 2637 333 2714 mis,
362 2635 501 2718 majores
517 2637 754 2722 amplioresque
773 2639 924 2724 cognosci
944 2638 1035 2702 nullo
1052 2645 1147 2722 pacto
1169 2658 1283 2722 posse:

254 2751 479 2834 grammaticae
497 2750 768 2834 interpretationis
784 2751 848 2813 rim
868 2752 1077 2834 persentirsm
1093 2763 1127 2815 et
1146 2754 1289 2816 necessi«

253 2873 371 2926 tatem:
410 2883 638 2949 cognoscerem
664 2858 955 2929 Grammaticorum
983 2865 1082 2930 libros
1107 2887 1285 2952 corumque

251 2977 464 3062 interpretes,
497 2988 531 3040 et
554 2977 600 3042 sic
624 2976 703 3042 mihi
722 2978 791 3062 ipse
806 2980 900 3064 quasi
918 2980 1166 3048 instrumentum
1188 3001 1286 3065 para-

252 3111 339 3169 rem,
380 3111 447 3177 quo
486 3091 666 3156 Platonicos
699 3091 779 3157 mihi
810 3092 955 3180 dialogos
990 3095 1171 3179 aperirem:
1215 3107 1286 3159 tum

251 3226 327 3269 sero
356 3205 444 3270 huuc
468 3206 611 3270 fructum
638 3206 714 3270 iude
738 3208 868 3292 percepi
885 3207 981 3294 longe
999 3209 1225 3288 uberrimum,
1247 3221 1286 3274 ut

251 3319 406 3385 facillime
424 3320 616 3400 induceret,
647 3320 734 3407 qucrl
759 3322 831 3384 sine
846 3306 934 3387 (luce
953 3343 1110 3408 perquam
1130 3335 1178 3387 est
1196 3322 1287 3388 diffi-

251 3433 332 3510 cile,
365 3434 400 3495 in
429 3433 569 3498 Platonis
601 3435 797 3520 singularem
829 3410 925 3520 plane
955 3437 1117 3500 scribendi
1138 3437 1287 3522 philoso-

251 3545 438 3632 phandique
466 3548 640 3612 rationem:
669 3567 755 3634 quae
778 3559 816 3612 ut
839 3560 905 3614 toto
924 3549 1048 3614 diversa
1066 3563 1149 3615 esta
1168 3572 1288 3616 recen·

250 3663 369 3726 tiorum
387 3660 638 3740 consuetudine,
656 3662 702 3726 ite
717 3664 954 3748 apauciscmni
965 3685 1043 3729 aero
1055 3665 1286 3730 rite-intellec-

252 3785 283 3838 ta
308 3785 393 3839 est.»
410 3770 435 3859 1)
463 3807 503 3822 --
525 3776 612 3840 Haec
633 3775 690 3838 illc
702 3799 730 3841 a.
744 3779 856 3859 teto,
889 3776 976 3880 unde
991 3788 1025 3860 et
1040 3778 1285 3864 Wyttenbachii

251 3887 291 3951 tle
328 3886 483 3975 lleusdio
505 3890 660 3955 sententia
695 3903 812 3976 patet,
853 3903 887 3956 et
919 3891 1052 3989 llsoirlii
1087 3892 1286 3979 intelligitur

289 4243 315 4310 l)
334 4248 419 4312 Epist.
440 4246 476 4295 nd
493 4248 583 4298 Ursus.
603 4265 628 4312 p.
644 4247 670 4298 ⁷.
