2875 5075
604 556 700 653 ⁴zosx
763 567 766 570 ·
845 564 847 568 ·

15 703 18 715 ⁶
128 753 146 794 a
166 729 418 817 wyttenbachio
440 728 628 813 proficiendi
648 728 823 814 cupiditate
847 749 936 794 suam
959 727 1152 816 sequebatur

129 856 295 922 naturam,
331 848 432 929 quae,
467 864 569 929 quum
595 864 614 906 a
646 844 737 907 nullo
774 864 850 908 sane
883 845 970 929 illius
1004 845 1153 929 temporis

128 958 262 1023 doctore
278 969 402 1022 tantum
413 957 617 1035 alimentum,
630 969 787 1043 quantum
799 958 840 1022 ab
857 958 915 1022 illo
933 978 1043 1022 revera
1060 978 1156 1023 acoe-

128 1074 196 1157 pit,
215 1073 368 1158 potuisset
378 1072 546 1155 accipere,
565 1070 604 1135 ad
617 1073 802 1135 interiorem
812 1083 936 1149 tamen,
957 1092 1054 1157 quam
1070 1093 1155 1159 quae

127 1186 179 1249 vel
204 1186 280 1251 hinc
304 1186 472 1263 manabat,
498 1184 627 1249 tendere
653 1184 823 1249 ridebatur
846 1186 1028 1250 Socraticae
1051 1185 1154 1270 philo⁴
1188 1170 1192 1175 ’

128 1299 260 1385 sophiae
288 1311 320 1363 et
343 1310 476 1363 naturae
505 1298 663 1365 humanae
697 1300 921 1385 cognitionem.
950 1300 984 1384 ,Α
1015 1300 1153 1364 Platonis

129 1413 304 1501 aliquando
327 1412 442 1477 edendi
466 1412 599 1477 consilio
623 1412 746 1477 alienus
763 1412 836 1493 ille,
859 1423 1020 1499 perpetuo
1048 1408 1155 1477 tumen

64 1550 69 1561 ·
129 1527 257 1593 redibat
278 1527 318 1592 ud
340 1528 522 1605 Platonem,
547 1525 651 1604 hunc,
674 1548 739 1612 quo
760 1529 861 1613 magis
880 1526 1064 1612 intelligere
1081 1548 1155 1591 coe·

129 1654 240 1728 perat,
265 1663 303 1706 eo
322 1642 423 1728 magis
440 1640 510 1704 fore
529 1661 710 1726 augurans,
735 1641 821 1723 unde
839 1653 908 1706 tum
933 1641 974 1705 ad
993 1637 1155 1705 hominem

129 1754 390 1843 cognoscendum
409 1767 478 1819 tum
503 1753 543 1817 ad
570 1756 788 1840 quaestionem
810 1754 852 1819 de
872 1757 988 1821 artium
1010 1754 1156 1840 tisoipli-

130 1890 309 1957 nurumque
340 1868 575 1933 necessitudine
600 1868 855 1953 perspiciendam
884 1872 975 1935 initia
1004 1884 1036 1936 et
1063 1872 1155 1956 quusi

130 1986 249 2049 semina
270 1986 456 2069 susciperet.
489 1984 596 2069 Atque
619 1983 699 2049 haec
722 2004 796 2049 eum
823 1984 899 2049 iude
927 1986 1103 2070 suscepisse
1124 1994 1156 2046 et

131 2110 197 2162 taur
214 2097 404 2184 philosopha
416 2119 511 2184 quam
530 2096 680 2162 historica
702 2098 837 2162 bominis
856 2100 1067 2184 gentiumque
1080 2118 1156 2161 con·

128 2214 342 2297 templatione
371 2211 547 2277 diutissime
572 2212 688 2277 losisse
713 2210 859 2277 vidimus.
907 2210 987 2277 Nam
1014 2211 1157 2297 gentium

85 2368 88 2375 ·
131 2346 266 2412 quoque
291 2325 455 2390 historiam
478 2346 552 2390 enm
578 2326 785 2390 recordamur
812 2326 854 2422 ab
882 2327 973 2390 initio
1007 2327 1158 2411 temporis

131 2435 304 2522 Trujectini
334 2440 360 2503 si
389 2441 494 2503 minus
529 2441 683 2519 coluisse,
719 2451 752 2504 at
786 2441 941 2526 cogitasse
972 2450 1005 2503 et
1034 2450 1158 2522 optasse

131 2575 206 2619 cum
245 2553 375 2618 historia
407 2554 610 2616 humanitatis
644 2553 849 2636 conjunctam
862 2551 901 2638 ι).
959 2553 1021 2618 Ubi
1050 2564 1156 2618 autem

131 2665 193 2732 heo
216 2667 391 2752 multiplici
418 2663 560 2751 plurium
588 2687 745 2730 annorum
773 2666 994 2745 meditatione,
1019 2667 1158 2753 diligen—

131 2782 254 2844 tissimo
288 2782 383 2845 etium
415 2778 550 2844 hominis
579 2781 612 2842 iu
643 2778 809 2876 discipulis
841 2782 905 2844 suis
940 2781 1158 2846 observatione

131 2895 258 2981 assequi
276 2894 422 2973 tandem,
442 2915 524 2980 quae
545 2894 719 2979 plurimum
738 2894 894 2975 iaciebat,
923 2896 1158 2982 quodammodo

132 3021 301 3097 coeperat3
328 3022 396 3074 tum
428 3027 501 3074 vero
523 3031 583 3073 nec
609 3010 750 3074 Platonis
767 3012 815 3074 sui
836 3011 956 3075 oblitus
973 3022 1039 3090 est,
1064 3012 1157 3095 cujus

78 3107 81 3114 “
131 3127 165 3188 in
187 3147 222 3190 se
250 3125 372 3189 meritis
393 3125 481 3209 paria
508 3125 541 3187 iu
575 3124 653 3187 alios
682 3127 795 3188 merita
824 3137 946 3188 exstare
975 3127 1095 3202 voluit,
1126 3137 1158 3190 et

129 3238 423 3324 'Encyclopaediam
449 3237 563 3300 ortium
586 3248 684 3321 utque
709 3236 953 3322 disciplinarum
973 3259 1010 3301 ex
1030 3237 1158 3301 homine
1220 3249 1223 3253 ’

132 3352 264 3419 ductam
284 3352 323 3418 ad
346 3350 506 3416 hominem
527 3352 660 3414 relatum
677 3347 886 3436 conseripsit,
911 3362 944 3413 et
970 3347 1100 3414 omnino
1121 3371 1158 3416 ea

134 3467 313 3552 composuit
326 3487 442 3550 opera,
463 3466 496 3528 in
516 3465 633 3550 quibus
646 3485 682 3528 ex
700 3463 835 3528 hominis
857 3465 1057 3551 cognitione,
1079 3475 1159 3530 tam·

134 3601 231 3667 quam
263 3579 482 3664 limpidissimo
512 3581 619 3658 fonte,
652 3600 761 3643 omnes
782 3579 917 3644 duceret
940 3579 1077 3642 hominis
1102 3600 1158 3665 pe·

135 3695 223 3758 nitus
245 3693 434 3758 instituendi
463 3706 603 3758 conatus.
647 3693 700 3756 Sic
738 3715 775 3755 ex
810 3695 866 3771 iis,
891 3714 974 3778 quae
1000 3692 1158 3757 Hensdins

134 3807 285 3887 florente,
310 3829 350 3872 ne
368 3807 483 3872 dicam·
487 3806 641 3890 juvenili,
664 3819 768 3870 aetate
792 3808 922 3893 ingenio
947 3819 1158 3892 conceperat,
1217 3851 1220 3856 -

135 3919 305 3986 duodecim
324 3922 490 4007 postremis
508 3921 589 3984 vitae
608 3921 696 3984 annis
709 3921 880 4006 praecipua
893 3921 961 4002 ejus
974 3920 1159 4003 prodierunt

137 4141 339 4154 -ι--υ-οι--α

171 4281 196 4348 l)
214 4283 271 4333 vid.
290 4297 364 4347 supra
383 4299 409 4348 p.
429 4280 470 4330 48.
