<?xml version="1.0" encoding="UTF-8"?>
<!DOCTYPE html PUBLIC "-//W3C//DTD XHTML 1.0 Transitional//EN"
    "http://www.w3.org/TR/xhtml1/DTD/xhtml1-transitional.dtd">
<html xmlns="http://www.w3.org/1999/xhtml" xml:lang="en" lang="en">
 <head>
  <title>
</title>
<meta http-equiv="Content-Type" content="text/html;charset=utf-8" />
  <meta name='ocr-system' content='tesseract 3.04.00' />
  <meta name='ocr-capabilities' content='ocr_page ocr_carea ocr_par ocr_line ocrx_word'/>
</head>
<body>
  <div class='ocr_page' id='page_1' title='image "./memoriaheusdii00rovegoog_0111.png"; bbox 0 0 2875 5075; ppageno 0'>
   <div class='ocr_carea' id='block_1_1' title="bbox 773 532 834 593">
    <p class='ocr_par' dir='ltr' id='par_1_1' title="bbox 773 532 834 593">
     <span class='ocr_line' id='line_1_1' title="bbox 773 532 834 593; baseline 0.033 -2"><span class='ocrx_word' id='word_1_1' title='bbox 773 532 834 593; x_wconf 83' lang='lat'>100</span> 
     </span>
    </p>
   </div>
   <div class='ocr_carea' id='block_1_2' title="bbox 295 702 1320 790">
    <p class='ocr_par' dir='ltr' id='par_1_2' title="bbox 295 702 1320 790">
     <span class='ocr_line' id='line_1_2' title="bbox 295 702 1320 790; baseline -0.004 -19"><span class='ocrx_word' id='word_1_2' title='bbox 295 707 442 783; x_wconf 84' lang='lat' dir='ltr'>omuino,</span> <span class='ocrx_word' id='word_1_3' title='bbox 473 724 556 790; x_wconf 77' lang='lat' dir='ltr'>quse</span> <span class='ocrx_word' id='word_1_4' title='bbox 585 726 603 767; x_wconf 88' lang='lat' dir='ltr'>a</span> <span class='ocrx_word' id='word_1_5' title='bbox 640 704 724 767; x_wconf 84' lang='lat' dir='ltr'>bono</span> <span class='ocrx_word' id='word_1_6' title='bbox 749 714 960 789; x_wconf 84' lang='lat' dir='ltr'>praeoeptere</span> <span class='ocrx_word' id='word_1_7' title='bbox 988 702 1188 781; x_wconf 77' lang='lat' dir='ltr'>efficiuntur,</span> <span class='ocrx_word' id='word_1_8' title='bbox 1223 705 1320 789; x_wconf 80' lang='lat' dir='ltr'>longe</span> 
     </span>
    </p>
   </div>
   <div class='ocr_carea' id='block_1_3' title="bbox 293 817 1427 905">
    <p class='ocr_par' dir='ltr' id='par_1_3' title="bbox 293 817 1427 905">
     <span class='ocr_line' id='line_1_3' title="bbox 293 817 1427 905; baseline -0.004 -22"><span class='ocrx_word' id='word_1_9' title='bbox 293 818 582 905; x_wconf 84' lang='lat' dir='ltr'>praeclarissimum</span> <span class='ocrx_word' id='word_1_10' title='bbox 606 830 672 897; x_wconf 85' lang='lat' dir='ltr'>est,</span> <span class='ocrx_word' id='word_1_11' title='bbox 707 830 831 882; x_wconf 88' lang='lat' dir='ltr'>utnon</span> <span class='ocrx_word' id='word_1_12' title='bbox 862 817 1020 882; x_wconf 76' lang='lat' dir='ltr'><strong>doctiores</strong></span> <span class='ocrx_word' id='word_1_13' title='bbox 1049 838 1146 903; x_wconf 82' lang='lat' dir='ltr'>quam</span> <span class='ocrx_word' id='word_1_14' title='bbox 1169 818 1320 883; x_wconf 82' lang='lat' dir='ltr'>meliores</span> <span class='ocrx_word' id='word_1_15' title='bbox 1426 821 1427 872; x_wconf 76' lang='grc' dir='ltr'>ἲ</span> 
     </span>
    </p>
   </div>
   <div class='ocr_carea' id='block_1_4' title="bbox 291 930 1321 1017">
    <p class='ocr_par' dir='ltr' id='par_1_4' title="bbox 291 930 1321 1017">
     <span class='ocr_line' id='line_1_4' title="bbox 291 930 1321 1017; baseline -0.001 -20"><span class='ocrx_word' id='word_1_16' title='bbox 291 934 442 997; x_wconf 84' lang='lat' dir='ltr'>informet</span> <span class='ocrx_word' id='word_1_17' title='bbox 473 931 670 1017; x_wconf 81' lang='lat' dir='ltr'>discipulos,</span> <span class='ocrx_word' id='word_1_18' title='bbox 717 942 753 995; x_wconf 93' lang='lat' dir='ltr'>ut</span> <span class='ocrx_word' id='word_1_19' title='bbox 791 931 871 1005; x_wconf 82' lang='lat' dir='ltr'>tales</span> <span class='ocrx_word' id='word_1_20' title='bbox 904 954 944 997; x_wconf 84' lang='lat' dir='ltr'>ex</span> <span class='ocrx_word' id='word_1_21' title='bbox 984 931 1053 1014; x_wconf 82' lang='lat' dir='ltr'>ejus</span> <span class='ocrx_word' id='word_1_22' title='bbox 1082 930 1192 997; x_wconf 80' lang='lat' dir='ltr'>sebnia</span> <span class='ocrx_word' id='word_1_23' title='bbox 1223 932 1321 996; x_wconf 87' lang='lat' dir='ltr'>multi</span> 
     </span>
    </p>
   </div>
   <div class='ocr_carea' id='block_1_5' title="bbox 291 1044 1427 1136">
    <p class='ocr_par' dir='ltr' id='par_1_5' title="bbox 291 1044 1427 1136">
     <span class='ocr_line' id='line_1_5' title="bbox 291 1044 1427 1136; baseline 0.004 -27"><span class='ocrx_word' id='word_1_24' title='bbox 291 1045 464 1131; x_wconf 81' lang='lat' dir='ltr'>prodeunt,</span> <span class='ocrx_word' id='word_1_25' title='bbox 490 1045 617 1131; x_wconf 84' lang='lat' dir='ltr'>quales,</span> <span class='ocrx_word' id='word_1_26' title='bbox 640 1045 701 1109; x_wconf 88' lang='lat' dir='ltr'>rite</span> <span class='ocrx_word' id='word_1_27' title='bbox 724 1044 984 1136; x_wconf 65' lang='lat' dir='ltr'>progredientes,</span> <span class='ocrx_word' id='word_1_28' title='bbox 1007 1045 1132 1130; x_wconf 84' lang='lat' dir='ltr'>ingenii</span> <span class='ocrx_word' id='word_1_29' title='bbox 1155 1046 1321 1134; x_wconf 78' lang='lat' dir='ltr'>animique</span> <span class='ocrx_word' id='word_1_30' title='bbox 1426 1109 1427 1114; x_wconf 73' lang='grc'>,</span> 
     </span>
    </p>
   </div>
   <div class='ocr_carea' id='block_1_6' title="bbox 290 1158 1321 1246">
    <p class='ocr_par' dir='ltr' id='par_1_6' title="bbox 290 1136 1427 1246">
     <span class='ocr_line' id='line_1_6' title="bbox 290 1158 1321 1246; baseline -0.012 -11"><span class='ocrx_word' id='word_1_31' title='bbox 290 1160 423 1225; x_wconf 63' lang='lat' dir='ltr'>uanitate</span> <span class='ocrx_word' id='word_1_32' title='bbox 444 1181 503 1225; x_wconf 77' lang='lat'>⁸110</span> <span class='ocrx_word' id='word_1_33' title='bbox 522 1160 645 1246; x_wconf 87' lang='lat' dir='ltr'>quique</span> <span class='ocrx_word' id='word_1_34' title='bbox 671 1160 744 1224; x_wconf 84' lang='lat' dir='ltr'>loco</span> <span class='ocrx_word' id='word_1_35' title='bbox 761 1182 828 1224; x_wconf 91' lang='lat' dir='ltr'>rem</span> <span class='ocrx_word' id='word_1_36' title='bbox 846 1160 1009 1244; x_wconf 79' lang='lat' dir='ltr'>publicam</span> <span class='ocrx_word' id='word_1_37' title='bbox 1030 1158 1180 1237; x_wconf 85' lang='lat' dir='ltr'>firment,</span> <span class='ocrx_word' id='word_1_38' title='bbox 1204 1178 1246 1223; x_wconf 87' lang='lat' dir='ltr'>ne</span> <span class='ocrx_word' id='word_1_39' title='bbox 1265 1159 1321 1225; x_wconf 79' lang='lat' dir='ltr'>hie</span> 
     </span>
    </p>
   </div>
   <div class='ocr_carea' id='block_1_7' title="bbox 292 1273 1427 1373">
    <p class='ocr_par' dir='ltr' id='par_1_7' title="bbox 292 1273 1427 1373">
     <span class='ocr_line' id='line_1_7' title="bbox 292 1273 1427 1373; baseline -0.002 -34"><span class='ocrx_word' id='word_1_40' title='bbox 292 1275 423 1373; x_wconf 89' lang='lat' dir='ltr'>quidem</span> <span class='ocrx_word' id='word_1_41' title='bbox 442 1274 618 1341; x_wconf 84' lang='lat' dir='ltr'>Heusdium</span> <span class='ocrx_word' id='word_1_42' title='bbox 640 1274 765 1339; x_wconf 84' lang='lat' dir='ltr'>irritam</span> <span class='ocrx_word' id='word_1_43' title='bbox 782 1295 913 1359; x_wconf 86' lang='lat' dir='ltr'>operam</span> <span class='ocrx_word' id='word_1_44' title='bbox 930 1275 1072 1359; x_wconf 74' lang='lat' dir='ltr'>posuisse</span> <span class='ocrx_word' id='word_1_45' title='bbox 1095 1273 1254 1370; x_wconf 77' lang='lat' dir='ltr'>credibile</span> <span class='ocrx_word' id='word_1_46' title='bbox 1275 1274 1321 1336; x_wconf 81' lang='lat' dir='ltr'>ri·</span> <span class='ocrx_word' id='word_1_47' title='bbox 1426 1311 1427 1352; x_wconf 56' lang='lat'>2</span> 
     </span>
    </p>
   </div>
   <div class='ocr_carea' id='block_1_8' title="bbox 290 1386 1321 1589">
    <p class='ocr_par' dir='ltr' id='par_1_8' title="bbox 290 1359 1427 1589">
     <span class='ocr_line' id='line_1_8' title="bbox 292 1386 1321 1474; baseline -0.003 -21"><span class='ocrx_word' id='word_1_48' title='bbox 292 1388 416 1454; x_wconf 77' lang='lat' dir='ltr'>deutur.</span> <span class='ocrx_word' id='word_1_49' title='bbox 462 1389 544 1453; x_wconf 79' lang='lat' dir='ltr'>Nam</span> <span class='ocrx_word' id='word_1_50' title='bbox 575 1410 702 1474; x_wconf 86' lang='lat' dir='ltr'>operam</span> <span class='ocrx_word' id='word_1_51' title='bbox 727 1386 858 1474; x_wconf 89' lang='lat' dir='ltr'>quidem</span> <span class='ocrx_word' id='word_1_52' title='bbox 883 1387 976 1453; x_wconf 86' lang='lat' dir='ltr'>illum</span> <span class='ocrx_word' id='word_1_53' title='bbox 1003 1408 1138 1473; x_wconf 87' lang='lat' dir='ltr'>eamque</span> <span class='ocrx_word' id='word_1_54' title='bbox 1159 1387 1249 1470; x_wconf 69' lang='lat' dir='ltr'>justi</span> <span class='ocrx_word' id='word_1_55' title='bbox 1272 1388 1321 1451; x_wconf 80' lang='lat' dir='ltr'>vid</span> 
     </span>
     <span class='ocr_line' id='line_1_9' title="bbox 290 1500 1320 1589; baseline -0.002 -22"><span class='ocrx_word' id='word_1_56' title='bbox 290 1503 432 1587; x_wconf 84' lang='lat' dir='ltr'>posuisse</span> <span class='ocrx_word' id='word_1_57' title='bbox 448 1525 544 1589; x_wconf 81' lang='lat' dir='ltr'>snpra</span> <span class='ocrx_word' id='word_1_58' title='bbox 561 1502 707 1582; x_wconf 77' lang='lat' dir='ltr'>vidimus,</span> <span class='ocrx_word' id='word_1_59' title='bbox 729 1514 760 1566; x_wconf 87' lang='lat' dir='ltr'>et</span> <span class='ocrx_word' id='word_1_60' title='bbox 778 1522 898 1587; x_wconf 87' lang='lat' dir='ltr'>ponere</span> <span class='ocrx_word' id='word_1_61' title='bbox 906 1500 994 1567; x_wconf 88' lang='lat' dir='ltr'>haud</span> <span class='ocrx_word' id='word_1_62' title='bbox 1011 1501 1185 1567; x_wconf 88' lang='lat' dir='ltr'>difficulter</span> <span class='ocrx_word' id='word_1_63' title='bbox 1197 1502 1320 1585; x_wconf 86' lang='lat' dir='ltr'>potuis·</span> 
     </span>
    </p>
   </div>
   <div class='ocr_carea' id='block_1_9' title="bbox 291 1615 1427 1817">
    <p class='ocr_par' dir='ltr' id='par_1_9' title="bbox 291 1615 1427 1817">
     <span class='ocr_line' id='line_1_10' title="bbox 291 1615 1427 1703; baseline -0.002 -23"><span class='ocrx_word' id='word_1_64' title='bbox 291 1638 324 1679; x_wconf 82' lang='lat' dir='ltr'>se</span> <span class='ocrx_word' id='word_1_65' title='bbox 341 1616 415 1681; x_wconf 89' lang='lat' dir='ltr'>dein</span> <span class='ocrx_word' id='word_1_66' title='bbox 431 1618 640 1703; x_wconf 80' lang='lat' dir='ltr'>perspicuum</span> <span class='ocrx_word' id='word_1_67' title='bbox 658 1617 738 1695; x_wconf 91' lang='lat' dir='ltr'>erit,</span> <span class='ocrx_word' id='word_1_68' title='bbox 760 1619 878 1702; x_wconf 76' lang='lat' dir='ltr'>iprum</span> <span class='ocrx_word' id='word_1_69' title='bbox 886 1615 1175 1703; x_wconf 67' lang='lat' dir='ltr'>contemplantibus</span> <span class='ocrx_word' id='word_1_70' title='bbox 1195 1637 1234 1680; x_wconf 89' lang='lat' dir='ltr'>eo</span> <span class='ocrx_word' id='word_1_71' title='bbox 1249 1617 1320 1679; x_wconf 87' lang='lat' dir='ltr'>eni·</span> <span class='ocrx_word' id='word_1_72' title='bbox 1426 1669 1427 1678; x_wconf 42' lang='lat'>2</span> 
     </span>
     <span class='ocr_line' id='line_1_11' title="bbox 292 1730 1427 1817; baseline 0.003 -22"><span class='ocrx_word' id='word_1_73' title='bbox 292 1741 435 1810; x_wconf 85' lang='lat' dir='ltr'>tentem,</span> <span class='ocrx_word' id='word_1_74' title='bbox 460 1752 525 1817; x_wconf 89' lang='lat' dir='ltr'>quo</span> <span class='ocrx_word' id='word_1_75' title='bbox 551 1731 630 1797; x_wconf 80' lang='lat' dir='ltr'>alies</span> <span class='ocrx_word' id='word_1_76' title='bbox 657 1731 779 1797; x_wconf 82' lang='lat' dir='ltr'>ducere</span> <span class='ocrx_word' id='word_1_77' title='bbox 794 1730 991 1797; x_wconf 70' lang='lat' dir='ltr'>&#39;conabatur</span> <span class='ocrx_word' id='word_1_78' title='bbox 1038 1731 1268 1800; x_wconf 79' lang='lat' dir='ltr'>Verumtamen</span> <span class='ocrx_word' id='word_1_79' title='bbox 1286 1731 1319 1794; x_wconf 93' lang='lat' dir='ltr'>in</span> <span class='ocrx_word' id='word_1_80' title='bbox 1426 1791 1427 1798; x_wconf 71' lang='grc'>,</span> 
     </span>
    </p>
   </div>
   <div class='ocr_carea' id='block_1_10' title="bbox 194 1844 1320 2273">
    <p class='ocr_par' dir='ltr' id='par_1_10' title="bbox 194 1844 1320 2273">
     <span class='ocr_line' id='line_1_12' title="bbox 292 1844 1320 1931; baseline -0.004 -20"><span class='ocrx_word' id='word_1_81' title='bbox 292 1866 327 1911; x_wconf 83' lang='lat' dir='ltr'>re</span> <span class='ocrx_word' id='word_1_82' title='bbox 347 1844 428 1909; x_wconf 84' lang='lat' dir='ltr'>adeo</span> <span class='ocrx_word' id='word_1_83' title='bbox 456 1847 563 1930; x_wconf 80' lang='lat' dir='ltr'>gravi,</span> <span class='ocrx_word' id='word_1_84' title='bbox 598 1845 692 1929; x_wconf 81' lang='lat' dir='ltr'>eujus</span> <span class='ocrx_word' id='word_1_85' title='bbox 717 1846 843 1931; x_wconf 82' lang='lat' dir='ltr'>integra</span> <span class='ocrx_word' id='word_1_86' title='bbox 869 1856 902 1911; x_wconf 91' lang='lat' dir='ltr'>et</span> <span class='ocrx_word' id='word_1_87' title='bbox 928 1844 1110 1929; x_wconf 87' lang='lat' dir='ltr'>plenissima</span> <span class='ocrx_word' id='word_1_88' title='bbox 1139 1844 1320 1907; x_wconf 85' lang='lat' dir='ltr'>aestimatio</span> 
     </span>
     <span class='ocr_line' id='line_1_13' title="bbox 194 1943 1319 2045; baseline -0.004 -22"><span class='ocrx_word' id='word_1_89' title='bbox 194 1948 196 1953; x_wconf 40' lang='lat'><strong>¹</strong></span> <span class='ocrx_word' id='word_1_90' title='bbox 289 1979 352 2023; x_wconf 88' lang='lat' dir='ltr'>uon</span> <span class='ocrx_word' id='word_1_91' title='bbox 375 1960 502 2024; x_wconf 77' lang='lat' dir='ltr'>eiectis</span> <span class='ocrx_word' id='word_1_92' title='bbox 533 1970 675 2039; x_wconf 81' lang='lat' dir='ltr'>tantum,</span> <span class='ocrx_word' id='word_1_93' title='bbox 699 1958 756 2025; x_wconf 84' lang='lat' dir='ltr'>sed</span> <span class='ocrx_word' id='word_1_94' title='bbox 783 1943 965 2045; x_wconf 68' lang='lat' dir='ltr'>praecipue.</span> <span class='ocrx_word' id='word_1_95' title='bbox 979 1980 997 2025; x_wconf 92' lang='lat' dir='ltr'>e</span> <span class='ocrx_word' id='word_1_96' title='bbox 1012 1949 1183 2026; x_wconf 57' lang='lat' dir='ltr'>»nestun</span> <span class='ocrx_word' id='word_1_97' title='bbox 1197 1958 1319 2042; x_wconf 89' lang='lat' dir='ltr'>prinei·</span> 
     </span>
     <span class='ocr_line' id='line_1_14' title="bbox 290 2071 1319 2158; baseline -0.002 -21"><span class='ocrx_word' id='word_1_98' title='bbox 290 2073 350 2158; x_wconf 87' lang='lat' dir='ltr'>piis</span> <span class='ocrx_word' id='word_1_99' title='bbox 379 2072 517 2157; x_wconf 84' lang='lat' dir='ltr'>pendet,</span> <span class='ocrx_word' id='word_1_100' title='bbox 544 2073 730 2142; x_wconf 75' lang='lat' dir='ltr'>affirmando</span> <span class='ocrx_word' id='word_1_101' title='bbox 756 2073 855 2140; x_wconf 82' lang='lat' dir='ltr'>nolim</span> <span class='ocrx_word' id='word_1_102' title='bbox 883 2073 1022 2138; x_wconf 78' lang='lat' dir='ltr'>levitatis</span> <span class='ocrx_word' id='word_1_103' title='bbox 1049 2072 1211 2140; x_wconf 62' lang='lat' dir='ltr'>accusari,</span> <span class='ocrx_word' id='word_1_104' title='bbox 1251 2071 1319 2136; x_wconf 80' lang='lat' dir='ltr'>Etsi</span> 
     </span>
     <span class='ocr_line' id='line_1_15' title="bbox 289 2185 1318 2273; baseline -0.001 -22"><span class='ocrx_word' id='word_1_105' title='bbox 289 2185 376 2264; x_wconf 87' lang='lat' dir='ltr'>haud</span> <span class='ocrx_word' id='word_1_106' title='bbox 398 2189 524 2267; x_wconf 87' lang='lat' dir='ltr'>tenuis,</span> <span class='ocrx_word' id='word_1_107' title='bbox 544 2210 594 2253; x_wconf 89' lang='lat' dir='ltr'>me</span> <span class='ocrx_word' id='word_1_108' title='bbox 609 2188 744 2271; x_wconf 82' lang='lat' dir='ltr'>judice,</span> <span class='ocrx_word' id='word_1_109' title='bbox 768 2187 911 2253; x_wconf 76' lang='lat' dir='ltr'>deiende</span> <span class='ocrx_word' id='word_1_110' title='bbox 932 2199 1041 2273; x_wconf 77' lang='lat' dir='ltr'>perata</span> <span class='ocrx_word' id='word_1_111' title='bbox 1057 2188 1318 2272; x_wconf 85' lang='lat' dir='ltr'>iu·eomplurium</span> 
     </span>
    </p>
   </div>
   <div class='ocr_carea' id='block_1_11' title="bbox 290 2289 1427 2389">
    <p class='ocr_par' dir='ltr' id='par_1_11' title="bbox 290 2289 1427 2389">
     <span class='ocr_line' id='line_1_16' title="bbox 290 2289 1427 2389; baseline 0.001 -27"><span class='ocrx_word' id='word_1_112' title='bbox 290 2320 368 2367; x_wconf 85' lang='lat' dir='ltr'>rece</span> <span class='ocrx_word' id='word_1_113' title='bbox 386 2312 487 2381; x_wconf 86' lang='lat' dir='ltr'>esset,</span> <span class='ocrx_word' id='word_1_114' title='bbox 519 2289 602 2389; x_wconf 87' lang='lat' dir='ltr'>ques</span> <span class='ocrx_word' id='word_1_115' title='bbox 630 2302 771 2367; x_wconf 86' lang='lat' dir='ltr'>Heusdio</span> <span class='ocrx_word' id='word_1_116' title='bbox 797 2313 830 2367; x_wconf 86' lang='lat' dir='ltr'>et</span> <span class='ocrx_word' id='word_1_117' title='bbox 845 2300 1001 2369; x_wconf 75' lang='lat' dir='ltr'>verbis-et</span> <span class='ocrx_word' id='word_1_118' title='bbox 1018 2302 1120 2367; x_wconf 83' lang='lat' dir='ltr'>literis</span> <span class='ocrx_word' id='word_1_119' title='bbox 1135 2302 1233 2366; x_wconf 82' lang='lat' dir='ltr'>fassus</span> <span class='ocrx_word' id='word_1_120' title='bbox 1249 2322 1319 2364; x_wconf 83' lang='lat' dir='ltr'>esse</span> <span class='ocrx_word' id='word_1_121' title='bbox 1426 2355 1427 2382; x_wconf 41' lang='lat'><em>3</em></span> 
     </span>
    </p>
   </div>
   <div class='ocr_carea' id='block_1_12' title="bbox 257 2402 1319 4330">
    <p class='ocr_par' dir='ltr' id='par_1_12' title="bbox 291 2402 1319 2958">
     <span class='ocr_line' id='line_1_17' title="bbox 291 2402 1319 2503; baseline -0.002 -22"><span class='ocrx_word' id='word_1_122' title='bbox 291 2416 381 2495; x_wconf 83' lang='lat' dir='ltr'>scio,</span> <span class='ocrx_word' id='word_1_123' title='bbox 404 2437 437 2482; x_wconf 90' lang='lat' dir='ltr'>se</span> <span class='ocrx_word' id='word_1_124' title='bbox 459 2437 558 2482; x_wconf 85' lang='lat' dir='ltr'>novae</span> <span class='ocrx_word' id='word_1_125' title='bbox 577 2418 659 2483; x_wconf 83' lang='lat' dir='ltr'>ritae</span> <span class='ocrx_word' id='word_1_126' title='bbox 674 2417 821 2497; x_wconf 84' lang='lat' dir='ltr'>initium,</span> <span class='ocrx_word' id='word_1_127' title='bbox 841 2416 970 2481; x_wconf 87' lang='lat' dir='ltr'>omnino</span> <span class='ocrx_word' id='word_1_128' title='bbox 988 2409 1028 2479; x_wconf 77' lang='lat' dir='ltr'>sd</span> <span class='ocrx_word' id='word_1_129' title='bbox 1041 2402 1078 2480; x_wconf 79' lang='grc' dir='ltr'>εὖ</span> <span class='ocrx_word' id='word_1_130' title='bbox 1090 2413 1162 2503; x_wconf 81' lang='grc' dir='ltr'><em>ζῇν,</em></span> <span class='ocrx_word' id='word_1_131' title='bbox 1180 2416 1241 2501; x_wconf 83' lang='lat' dir='ltr'>i‘psi</span> <span class='ocrx_word' id='word_1_132' title='bbox 1258 2436 1319 2479; x_wconf 87' lang='lat' dir='ltr'>ae-</span> 
     </span>
     <span class='ocr_line' id='line_1_18' title="bbox 291 2528 1318 2618; baseline -0.004 -20"><span class='ocrx_word' id='word_1_133' title='bbox 291 2544 423 2618; x_wconf 81' lang='lat' dir='ltr'>eeptum</span> <span class='ocrx_word' id='word_1_134' title='bbox 445 2533 576 2600; x_wconf 76' lang='lat' dir='ltr'>referre.</span> <span class='ocrx_word' id='word_1_135' title='bbox 622 2534 710 2598; x_wconf 84' lang='lat' dir='ltr'>Haeo</span> <span class='ocrx_word' id='word_1_136' title='bbox 727 2531 936 2599; x_wconf 83' lang='lat' dir='ltr'>institutionis</span> <span class='ocrx_word' id='word_1_137' title='bbox 951 2528 1163 2599; x_wconf 75' lang='lat' dir='ltr'>Academieae</span> <span class='ocrx_word' id='word_1_138' title='bbox 1186 2530 1231 2594; x_wconf 83' lang='lat' dir='ltr'>ris</span> <span class='ocrx_word' id='word_1_139' title='bbox 1250 2552 1318 2594; x_wconf 89' lang='lat' dir='ltr'>esse</span> 
     </span>
     <span class='ocr_line' id='line_1_19' title="bbox 291 2646 1319 2732; baseline 0 -22"><span class='ocrx_word' id='word_1_140' title='bbox 291 2646 403 2710; x_wconf 78' lang='lat' dir='ltr'>ultima</span> <span class='ocrx_word' id='word_1_141' title='bbox 431 2658 552 2731; x_wconf 86' lang='lat' dir='ltr'>potest,</span> <span class='ocrx_word' id='word_1_142' title='bbox 585 2648 642 2712; x_wconf 90' lang='lat' dir='ltr'>ubi</span> <span class='ocrx_word' id='word_1_143' title='bbox 669 2648 741 2712; x_wconf 86' lang='lat' dir='ltr'>talis</span> <span class='ocrx_word' id='word_1_144' title='bbox 767 2649 920 2732; x_wconf 74' lang='lat' dir='ltr'>ipsssst,</span> <span class='ocrx_word' id='word_1_145' title='bbox 955 2646 1086 2732; x_wconf 77' lang='lat' dir='ltr'>quatem</span> <span class='ocrx_word' id='word_1_146' title='bbox 1110 2666 1180 2711; x_wconf 79' lang='lat' dir='ltr'>enm</span> <span class='ocrx_word' id='word_1_147' title='bbox 1201 2667 1269 2708; x_wconf 89' lang='lat' dir='ltr'>esse</span> <span class='ocrx_word' id='word_1_148' title='bbox 1285 2656 1319 2710; x_wconf 91' lang='lat' dir='ltr'>et</span> 
     </span>
     <span class='ocr_line' id='line_1_20' title="bbox 291 2759 1319 2845; baseline 0.001 -23"><span class='ocrx_word' id='word_1_149' title='bbox 291 2770 418 2843; x_wconf 85' lang='lat' dir='ltr'>oportet</span> <span class='ocrx_word' id='word_1_150' title='bbox 443 2770 475 2823; x_wconf 88' lang='lat' dir='ltr'>et</span> <span class='ocrx_word' id='word_1_151' title='bbox 502 2769 609 2824; x_wconf 83' lang='lat' dir='ltr'>omnes</span> <span class='ocrx_word' id='word_1_152' title='bbox 631 2760 706 2824; x_wconf 88' lang='lat' dir='ltr'>boni</span> <span class='ocrx_word' id='word_1_153' title='bbox 726 2760 947 2824; x_wconf 76' lang='lat' dir='ltr'>ardentissime</span> <span class='ocrx_word' id='word_1_154' title='bbox 961 2760 1115 2845; x_wconf 87' lang='lat' dir='ltr'>eupiunt,</span> <span class='ocrx_word' id='word_1_155' title='bbox 1139 2760 1238 2825; x_wconf 87' lang='lat' dir='ltr'>tetius</span> <span class='ocrx_word' id='word_1_156' title='bbox 1259 2759 1319 2824; x_wconf 83' lang='lat' dir='ltr'>he-</span> 
     </span>
     <span class='ocr_line' id='line_1_21' title="bbox 294 2863 873 2958; baseline 0.003 -24"><span class='ocrx_word' id='word_1_157' title='bbox 294 2873 386 2934; x_wconf 87' lang='lat' dir='ltr'>minis</span> <span class='ocrx_word' id='word_1_158' title='bbox 402 2871 474 2934; x_wconf 83' lang='lat' dir='ltr'>diuu</span> <span class='ocrx_word' id='word_1_159' title='bbox 493 2863 619 2958; x_wconf 68' lang='grc' dir='ltr'><strong><em>τροφὴν</em></strong></span> <span class='ocrx_word' id='word_1_160' title='bbox 639 2869 693 2935; x_wconf 85' lang='grc' dir='ltr'>καὶ</span> <span class='ocrx_word' id='word_1_161' title='bbox 713 2870 873 2936; x_wconf 70' lang='grc' dir='ltr'><strong><em>παιδείαν.</em></strong></span> 
     </span>
    </p>

    <p class='ocr_par' dir='ltr' id='par_1_13' title="bbox 257 2984 1319 4330">
     <span class='ocr_line' id='line_1_22' title="bbox 335 2984 1317 3074; baseline 0 -24"><span class='ocrx_word' id='word_1_162' title='bbox 335 2984 398 3050; x_wconf 86' lang='lat' dir='ltr'>Sed</span> <span class='ocrx_word' id='word_1_163' title='bbox 418 2996 544 3069; x_wconf 87' lang='lat' dir='ltr'>tempus</span> <span class='ocrx_word' id='word_1_164' title='bbox 564 2995 612 3048; x_wconf 86' lang='lat' dir='ltr'>est</span> <span class='ocrx_word' id='word_1_165' title='bbox 632 2985 846 3050; x_wconf 77' lang='lat' dir='ltr'>narrationem</span> <span class='ocrx_word' id='word_1_166' title='bbox 864 2987 927 3052; x_wconf 87' lang='lat' dir='ltr'>alio</span> <span class='ocrx_word' id='word_1_167' title='bbox 956 2987 1137 3067; x_wconf 85' lang='lat' dir='ltr'>deducere,</span> <span class='ocrx_word' id='word_1_168' title='bbox 1162 3009 1228 3074; x_wconf 87' lang='lat' dir='ltr'>quo</span> <span class='ocrx_word' id='word_1_169' title='bbox 1250 3009 1317 3051; x_wconf 89' lang='lat' dir='ltr'>ma·</span> 
     </span>
     <span class='ocr_line' id='line_1_23' title="bbox 287 3089 1317 3192; baseline 0.003 -29"><span class='ocrx_word' id='word_1_170' title='bbox 287 3101 341 3181; x_wconf 88' lang='lat' dir='ltr'>jor</span> <span class='ocrx_word' id='word_1_171' title='bbox 358 3101 487 3166; x_wconf 81' lang='lat' dir='ltr'>exsistat</span> <span class='ocrx_word' id='word_1_172' title='bbox 505 3097 636 3164; x_wconf 87' lang='lat' dir='ltr'>Heusdii</span> <span class='ocrx_word' id='word_1_173' title='bbox 656 3089 777 3166; x_wconf 87' lang='lat' dir='ltr'>notitia.</span> <span class='ocrx_word' id='word_1_174' title='bbox 795 3101 908 3188; x_wconf 84' lang='lat' dir='ltr'>Itaque</span> <span class='ocrx_word' id='word_1_175' title='bbox 922 3102 1010 3192; x_wconf 88' lang='lat' dir='ltr'>hunc</span> <span class='ocrx_word' id='word_1_176' title='bbox 1029 3103 1068 3167; x_wconf 90' lang='lat' dir='ltr'>de</span> <span class='ocrx_word' id='word_1_177' title='bbox 1085 3103 1153 3188; x_wconf 81' lang='lat' dir='ltr'>ipso</span> <span class='ocrx_word' id='word_1_178' title='bbox 1171 3102 1317 3167; x_wconf 82' lang='lat' dir='ltr'>Doetore</span> 
     </span>
     <span class='ocr_line' id='line_1_24' title="bbox 292 3214 1316 3302; baseline 0.003 -25"><span class='ocrx_word' id='word_1_179' title='bbox 292 3214 401 3281; x_wconf 76' lang='lat' dir='ltr'>locum</span> <span class='ocrx_word' id='word_1_180' title='bbox 416 3237 477 3280; x_wconf 87' lang='lat' dir='ltr'>una</span> <span class='ocrx_word' id='word_1_181' title='bbox 493 3214 705 3294; x_wconf 82' lang='lat' dir='ltr'>concludam,</span> <span class='ocrx_word' id='word_1_182' title='bbox 733 3216 914 3301; x_wconf 80' lang='lat' dir='ltr'>quaemihi</span> <span class='ocrx_word' id='word_1_183' title='bbox 941 3216 1027 3281; x_wconf 86' lang='lat' dir='ltr'>diota</span> <span class='ocrx_word' id='word_1_184' title='bbox 1054 3217 1262 3302; x_wconf 81' lang='lat' dir='ltr'>perpendenti</span> <span class='ocrx_word' id='word_1_185' title='bbox 1281 3218 1316 3280; x_wconf 92' lang='lat' dir='ltr'>in</span> 
     </span>
     <span class='ocr_line' id='line_1_25' title="bbox 292 3317 1315 3416; baseline 0 -23"><span class='ocrx_word' id='word_1_186' title='bbox 292 3340 430 3394; x_wconf 81' lang='lat' dir='ltr'>mentem</span> <span class='ocrx_word' id='word_1_187' title='bbox 443 3317 542 3408; x_wconf 74' lang='lat' dir='ltr'>ienit,</span> <span class='ocrx_word' id='word_1_188' title='bbox 553 3328 836 3396; x_wconf 77' lang='lat' dir='ltr'>animadversione.</span> <span class='ocrx_word' id='word_1_189' title='bbox 847 3330 1123 3412; x_wconf 83' lang='lat' dir='ltr'>Quemadmodum</span> <span class='ocrx_word' id='word_1_190' title='bbox 1134 3351 1198 3395; x_wconf 90' lang='lat' dir='ltr'>non</span> <span class='ocrx_word' id='word_1_191' title='bbox 1205 3331 1238 3394; x_wconf 93' lang='lat' dir='ltr'>id</span> <span class='ocrx_word' id='word_1_192' title='bbox 1251 3333 1315 3416; x_wconf 83' lang='lat' dir='ltr'>egi,</span> 
     </span>
     <span class='ocr_line' id='line_1_26' title="bbox 257 3442 1318 3533; baseline 0.002 -25"><span class='ocrx_word' id='word_1_193' title='bbox 257 3471 260 3484; x_wconf 91' lang='lat'>·</span> <span class='ocrx_word' id='word_1_194' title='bbox 294 3453 329 3508; x_wconf 90' lang='lat' dir='ltr'>ut</span> <span class='ocrx_word' id='word_1_195' title='bbox 348 3444 528 3528; x_wconf 81' lang='lat' dir='ltr'>perfeetum</span> <span class='ocrx_word' id='word_1_196' title='bbox 561 3443 725 3509; x_wconf 86' lang='lat' dir='ltr'>ductorem</span> <span class='ocrx_word' id='word_1_197' title='bbox 751 3442 927 3510; x_wconf 82' lang='lat' dir='ltr'>lectoribus</span> <span class='ocrx_word' id='word_1_198' title='bbox 955 3466 1188 3533; x_wconf 80' lang='lat' dir='ltr'>proponerem,</span> <span class='ocrx_word' id='word_1_199' title='bbox 1213 3444 1257 3510; x_wconf 88' lang='lat' dir='ltr'>ita</span> <span class='ocrx_word' id='word_1_200' title='bbox 1276 3445 1318 3510; x_wconf 89' lang='lat' dir='ltr'>de</span> 
     </span>
     <span class='ocr_line' id='line_1_27' title="bbox 293 3555 1319 3646; baseline 0.003 -26"><span class='ocrx_word' id='word_1_201' title='bbox 293 3555 434 3620; x_wconf 83' lang='lat' dir='ltr'>Heusdio</span> <span class='ocrx_word' id='word_1_202' title='bbox 451 3577 490 3619; x_wconf 90' lang='lat' dir='ltr'>ue</span> <span class='ocrx_word' id='word_1_203' title='bbox 501 3559 547 3620; x_wconf 86' lang='lat' dir='ltr'>sie</span> <span class='ocrx_word' id='word_1_204' title='bbox 564 3567 702 3620; x_wconf 86' lang='lat' dir='ltr'>statuere</span> <span class='ocrx_word' id='word_1_205' title='bbox 719 3557 848 3636; x_wconf 79' lang='lat' dir='ltr'>videar,</span> <span class='ocrx_word' id='word_1_206' title='bbox 866 3579 941 3623; x_wconf 90' lang='lat' dir='ltr'>eum</span> <span class='ocrx_word' id='word_1_207' title='bbox 956 3558 1121 3645; x_wconf 86' lang='lat' dir='ltr'>nequead</span> <span class='ocrx_word' id='word_1_208' title='bbox 1139 3558 1319 3646; x_wconf 86' lang='lat' dir='ltr'>quidquam</span> 
     </span>
     <span class='ocr_line' id='line_1_28' title="bbox 294 3670 1319 3758; baseline 0.003 -25"><span class='ocrx_word' id='word_1_209' title='bbox 294 3689 422 3749; x_wconf 85' lang='lat' dir='ltr'>eorum,</span> <span class='ocrx_word' id='word_1_210' title='bbox 443 3691 525 3757; x_wconf 85' lang='lat' dir='ltr'>quae</span> <span class='ocrx_word' id='word_1_211' title='bbox 545 3670 689 3742; x_wconf 88' lang='lat' dir='ltr'>docendo</span> <span class='ocrx_word' id='word_1_212' title='bbox 701 3671 876 3755; x_wconf 86' lang='lat' dir='ltr'>plurimum</span> <span class='ocrx_word' id='word_1_213' title='bbox 891 3675 1067 3758; x_wconf 85' lang='lat' dir='ltr'>promovit,</span> <span class='ocrx_word' id='word_1_214' title='bbox 1080 3673 1178 3737; x_wconf 81' lang='lat' dir='ltr'>ullius</span> <span class='ocrx_word' id='word_1_215' title='bbox 1188 3683 1319 3738; x_wconf 86' lang='lat' dir='ltr'>eonten-</span> 
     </span>
     <span class='ocr_line' id='line_1_29' title="bbox 293 3767 1317 3874; baseline 0.002 -25"><span class='ocrx_word' id='word_1_216' title='bbox 293 3785 433 3851; x_wconf 87' lang='lat' dir='ltr'>tiouihus</span> <span class='ocrx_word' id='word_1_217' title='bbox 450 3767 596 3870; x_wconf 82' lang='lat' dir='ltr'>adjutum</span> <span class='ocrx_word' id='word_1_218' title='bbox 605 3785 703 3850; x_wconf 84' lang='lat' dir='ltr'>inisse</span> <span class='ocrx_word' id='word_1_219' title='bbox 714 3833 723 3864; x_wconf 92' lang='lat'>,</span> <span class='ocrx_word' id='word_1_220' title='bbox 736 3807 842 3874; x_wconf 89' lang='lat' dir='ltr'>neque</span> <span class='ocrx_word' id='word_1_221' title='bbox 854 3787 937 3851; x_wconf 78' lang='lat' dir='ltr'>ulios</span> <span class='ocrx_word' id='word_1_222' title='bbox 947 3788 1102 3872; x_wconf 72' lang='lat' dir='ltr'>reperisse</span> <span class='ocrx_word' id='word_1_223' title='bbox 1114 3786 1245 3868; x_wconf 85' lang='lat' dir='ltr'>eodem,</span> <span class='ocrx_word' id='word_1_224' title='bbox 1258 3790 1317 3851; x_wconf 89' lang='lat' dir='ltr'>etsi</span> 
     </span>
     <span class='ocr_line' id='line_1_30' title="bbox 292 3898 1317 3986; baseline 0.002 -22"><span class='ocrx_word' id='word_1_225' title='bbox 292 3899 353 3964; x_wconf 87' lang='lat' dir='ltr'>alia</span> <span class='ocrx_word' id='word_1_226' title='bbox 381 3899 543 3964; x_wconf 85' lang='lat' dir='ltr'>interdum</span> <span class='ocrx_word' id='word_1_227' title='bbox 568 3900 640 3978; x_wconf 81' lang='lat' dir='ltr'>via,</span> <span class='ocrx_word' id='word_1_228' title='bbox 672 3898 840 3964; x_wconf 83' lang='lat' dir='ltr'>tendentes</span> <span class='ocrx_word' id='word_1_229' title='bbox 863 3901 1043 3986; x_wconf 83' lang='lat' dir='ltr'>populares.</span> <span class='ocrx_word' id='word_1_230' title='bbox 1088 3903 1172 3966; x_wconf 82' lang='lat' dir='ltr'>Fieri</span> <span class='ocrx_word' id='word_1_231' title='bbox 1190 3913 1317 3986; x_wconf 83' lang='lat' dir='ltr'>potest,</span> 
     </span>
     <span class='ocr_line' id='line_1_31' title="bbox 293 4013 1319 4101; baseline 0.003 -25"><span class='ocrx_word' id='word_1_232' title='bbox 293 4026 340 4092; x_wconf 84' lang='lat' dir='ltr'>ut,</span> <span class='ocrx_word' id='word_1_233' title='bbox 359 4013 385 4078; x_wconf 85' lang='lat' dir='ltr'>si</span> <span class='ocrx_word' id='word_1_234' title='bbox 411 4015 468 4101; x_wconf 91' lang='lat' dir='ltr'>qui</span> <span class='ocrx_word' id='word_1_235' title='bbox 492 4013 657 4100; x_wconf 89' lang='lat' dir='ltr'>superiora</span> <span class='ocrx_word' id='word_1_236' title='bbox 674 4015 780 4078; x_wconf 86' lang='lat' dir='ltr'>omnia</span> <span class='ocrx_word' id='word_1_237' title='bbox 800 4026 950 4079; x_wconf 82' lang='lat' dir='ltr'>accurate</span> <span class='ocrx_word' id='word_1_238' title='bbox 971 4015 1130 4101; x_wconf 80' lang='lat' dir='ltr'>legerint,</span> <span class='ocrx_word' id='word_1_239' title='bbox 1154 4015 1237 4080; x_wconf 86' lang='lat' dir='ltr'>hane</span> <span class='ocrx_word' id='word_1_240' title='bbox 1252 4037 1319 4080; x_wconf 89' lang='lat' dir='ltr'>non</span> 
     </span>
     <span class='ocr_line' id='line_1_32' title="bbox 293 4127 1317 4217; baseline 0.005 -26"><span class='ocrx_word' id='word_1_241' title='bbox 293 4129 413 4214; x_wconf 87' lang='lat' dir='ltr'>requiri</span> <span class='ocrx_word' id='word_1_242' title='bbox 438 4139 551 4216; x_wconf 90' lang='lat' dir='ltr'>putent</span> <span class='ocrx_word' id='word_1_243' title='bbox 574 4127 899 4209; x_wconf 64' lang='lat' dir='ltr'>animadversionem,</span> <span class='ocrx_word' id='word_1_244' title='bbox 935 4128 998 4194; x_wconf 88' lang='lat' dir='ltr'>Sed</span> <span class='ocrx_word' id='word_1_245' title='bbox 1024 4131 1148 4212; x_wconf 85' lang='lat' dir='ltr'>sinant,</span> <span class='ocrx_word' id='word_1_246' title='bbox 1178 4152 1317 4217; x_wconf 85' lang='lat' dir='ltr'>quaeso,</span> 
     </span>
     <span class='ocr_line' id='line_1_33' title="bbox 293 4241 1317 4330; baseline 0.004 -26"><span class='ocrx_word' id='word_1_247' title='bbox 293 4263 344 4304; x_wconf 83' lang='lat' dir='ltr'>sne</span> <span class='ocrx_word' id='word_1_248' title='bbox 368 4241 544 4306; x_wconf 85' lang='lat' dir='ltr'>evidentius</span> <span class='ocrx_word' id='word_1_249' title='bbox 569 4243 699 4328; x_wconf 85' lang='lat' dir='ltr'>eloqui,</span> <span class='ocrx_word' id='word_1_250' title='bbox 720 4264 803 4329; x_wconf 81' lang='lat' dir='ltr'>quae</span> <span class='ocrx_word' id='word_1_251' title='bbox 828 4245 941 4310; x_wconf 88' lang='lat' dir='ltr'>sentio.</span> <span class='ocrx_word' id='word_1_252' title='bbox 987 4246 1067 4310; x_wconf 78' lang='lat' dir='ltr'>Nam</span> <span class='ocrx_word' id='word_1_253' title='bbox 1082 4243 1141 4310; x_wconf 77' lang='lat' dir='ltr'>illa&#39;</span> <span class='ocrx_word' id='word_1_254' title='bbox 1157 4244 1317 4330; x_wconf 87' lang='lat' dir='ltr'>opinionis</span> 
     </span>
    </p>
   </div>
   <div class='ocr_carea' id='block_1_13' title="bbox 0 0 1442 5075">
    <p class='ocr_par' dir='ltr' id='par_1_14' title="bbox 0 0 1442 5075">
     <span class='ocr_line' id='line_1_34' title="bbox 0 0 1442 5075; baseline 0 0"><span class='ocrx_word' id='word_1_255' title='bbox 0 0 1442 5075; x_wconf 95' lang='lat' dir='ltr'> </span> 
     </span>
    </p>
   </div>
  </div>
 </body>
</html>
