2875 5075
773 543 838 607 226

284 726 369 797 erat,
389 730 421 782 et
441 716 569 803 quando
587 715 707 781 reditus
726 716 767 781 ad
786 717 883 781 libros
902 715 1063 784 interdum
1085 711 1223 783 dabatur
1240 718 1314 784 nul-

283 834 352 912 lus,
374 831 415 896 ad
442 831 547 896 studia
569 842 675 897 tamen
697 832 911 896 renovabatur
930 830 1035 896 aditur
1054 830 1103 910 ei,
1128 852 1226 918 quem
1250 856 1315 899 uon

281 947 499 1012 ambulantem
519 945 633 1025 modo,
657 946 712 1010 sed
730 946 826 1011 etiam
844 963 943 1011 ourru
961 957 1090 1011 neotum
1111 958 1144 1011 et
1163 946 1315 1012 ubicum-

282 1081 347 1149 que
365 1048 509 1126 looorum
528 1061 599 1124 ribi
619 1061 878 1146 relinqueretur,
896 1060 1055 1125 instudiis
1074 1070 1177 1127 totum
1193 1064 1314 1128 versari

279 1178 420 1263 potuisse
443 1176 597 1240 norimus.
610 1172 636 1259 1)
674 1176 796 1242 Verum
817 1174 892 1241 ideo
914 1196 1008 1239 mane
1033 1175 1094 1240 sibi
1112 1177 1192 1259 eripi
1217 1177 1314 1241 nole-

281 1292 351 1370 bat,
380 1291 456 1376 quia
486 1302 554 1355 tum
578 1290 713 1353 maxima
736 1301 804 1354 erat
828 1289 868 1355 ad
894 1288 1083 1355 difficillima
1106 1311 1258 1377 quaeque
1280 1303 1313 1355 et

279 1403 501 1491 perspicienda
528 1416 560 1469 et
580 1387 758 1469 'sarmada
785 1403 975 1469 illustranda
999 1403 1176 1471 alacritate.
1215 1406 1312 1469 Prae-

278 1531 367 1583 terea
394 1532 519 1604 tempus
542 1517 627 1583 illud
657 1530 726 1583 erat
751 1519 851 1583 animi
881 1516 1125 1605 diligentissime
1149 1519 1183 1581 in
1211 1532 1312 1583 semet

277 1634 385 1719 ipsum
410 1632 637 1711 convertendi,
661 1654 729 1718 quo
749 1634 875 1698 interna
898 1633 962 1697 rita
986 1632 1139 1701 aleretur.
1180 1625 1232 1697 Ab
1248 1632 1312 1698 boe

279 1748 392 1811 intimo
411 1770 472 1812 usu
490 1746 577 1813 diem
598 1746 736 1811 exordiri
752 1746 884 1813 solebat.
921 1747 1002 1812 liam
1022 1746 1099 1813 bine
1116 1746 1311 1813 exordienti-

278 1862 339 1925 bus
357 1873 482 1946 praesto
506 1882 573 1925 esse
595 1861 722 1945 ajebat,
742 1860 832 1947 quod
854 1882 913 1946 per
933 1871 1036 1925 totum
1053 1860 1139 1933 diem
1163 1863 1198 1925 in
1222 1864 1310 1929 omni

280 1976 481 2062 negotiorum
499 1977 652 2041 varietate
664 1986 695 2039 et
706 1976 859 2040 futilitate
870 1976 966 2044 etium
984 1976 1047 2040 rim
1065 1974 1310 2043 habeatstlutn-

281 2113 358 2154 rem.
377 2092 422 2155 Eo
433 2074 467 2155 in
478 2092 588 2175 primis
601 2102 744 2175 tempore
756 2090 817 2155 sibi
828 2089 1020 2169 adhibebat,
1032 2090 1122 2176 quod
1133 2112 1310 2177 numquam

281 2226 344 2268 non
366 2205 436 2268 aliis
455 2204 705 2283 commendarit,
730 2206 930 2271 Socraticum
945 2204 1028 2269 illud
1045 2204 1149 2289 γνῶθι
1161 2194 1310 2269 σεαυτόν.
1394 2231 1398 2241 ·

323 2320 363 2383 Et
385 2318 463 2383 huic
493 2318 623 2406 quidem
650 2331 822 2405 praecepto
854 2318 1089 2405 religiosissime
1111 2316 1310 2381 observando

280 2446 450 2520 quantum
468 2433 618 2499 debuerit
635 2433 813 2511 lleusdius,
831 2433 965 2500 definire
977 2454 1041 2497 non
1062 2454 1199 2517 possunt.
1221 2432 1309 2517 Quin

280 2549 429 2613 debuerit
447 2549 661 2635 plur-imum,
690 2550 822 2614 nrinime
849 2549 971 2614 dubito.
1009 2547 1106 2630 Quod
1127 2549 1168 2614 iis
1189 2549 1310 2614 mirum

281 2662 460 2742 ridebitur,
496 2665 552 2750 qni
576 2665 732 2750 pleraque
760 2665 881 2743 omnia,
913 2685 997 2750 qnae
1018 2663 1104 2728 bona
1128 2664 1163 2726 in
1191 2663 1252 2727 illo
1275 2674 1309 2726 et

278 2779 427 2843 amabilia
453 2789 560 2857 erant,
596 2790 708 2864 sponte
735 2800 773 2843 ae
795 2779 863 2842 sine
888 2778 958 2841 ullo
982 2777 1212 2863 impedimento
1238 2799 1307 2840 sese

279 2893 454 2955 exseruisse
482 2903 603 2977 putant.
647 2893 757 2958 Veluti
789 2891 974 2958 modestiam
997 2893 1057 2957 riri
1083 2893 1127 2956 ita
1159 2874 1305 2956 nonnulli

279 3006 475 3091 loquuntur,
508 3027 582 3070 enm
611 3008 708 3070 utin
736 3025 834 3072 aurea
860 3006 921 3071 bae
952 3007 1069 3072 virtute
1096 3027 1198 3091 paene
1226 3004 1303 3078 ado-
1428 3054 1429 3059 η

278 3121 391 3184 lesisse
418 3120 541 3185 eredas.
585 3121 647 3186 Sed
675 3123 744 3206 ipse
771 3121 931 3186 Heusdius
957 3121 1084 3207 quoties
1106 3118 1147 3185 de
1166 3120 1304 3219 'juvenili

277 3246 380 3299 aetate
396 3235 608 3320 loquebatur,
633 3237 694 3300 alia
713 3237 896 3321 proferebat
913 3235 1037 3314 omnia,
1053 3240 1196 3320 eumque
1213 3247 1305 3321 grata

279 3348 520 3436 wyttenbachii
547 3351 597 3414 sui
628 3351 848 3416 recordatione
872 3344 1118 3416 subesseentem
1146 3349 1204 3413 illo
1224 3361 1305 3414 tem·

278 3485 357 3548 pore
378 3465 550 3528 sanitatem
575 3467 770 3530 memorabat
790 3477 822 3530 et
842 3465 1068 3552 arrogantiam.
1103 3466 1141 3528 ln
1157 3466 1306 3530 auctiore

277 3577 463 3663 Epistulae
488 3577 535 3641 ad
562 3578 768 3644 Cremeram
794 3578 933 3645 editione
953 3589 1139 3644 narraturus
1168 3579 1304 3658 innuet,

276 3691 358 3777 quid
393 3689 453 3754 sibi
494 3691 681 3772 accidisset,
718 3695 859 3780 primum
896 3691 1147 3778 Wyttenbaebio
1178 3692 1305 3758 traditis

276 3806 400 3892 aliquot
417 3804 450 3868 in
474 3805 615 3871 Platonis
632 3809 835 3895 aliorumque
853 3808 925 3873 loca
935 3806 1141 3890 conjecturis.
1169 3808 1305 3872 Jnreuir

277 3942 370 4005 saepe
390 3941 538 4004 praesens
559 3922 592 3984 in
615 3925 758 4008 magistri
780 3920 977 3988 bibliotheca
1000 3931 1197 4006 rogatusque
1222 3941 1303 3986 non-

274 4141 478 4150 m

308 4275 334 4340 1)
353 4249 413 4325 vtes
429 4293 504 4341 supra
523 4296 545 4342 p.
566 4280 606 4329 19.
