2875 5075
785 516 805 574 2

279 688 446 774 perculsus
466 699 497 752 et
515 698 707 773 prostratus,
732 698 833 773 utque
849 685 904 750 diu
925 686 1007 750 nulli
1025 685 1127 751 libens
1145 687 1307 773 neccogi-

279 803 390 868 lationi
415 802 616 889 indulgerem
644 822 703 865 nec
730 801 915 866 interessem
941 803 1097 881 sermoni,
1130 801 1223 884 cujus
1245 822 1308 865 non

279 926 403 1003 pateret
426 937 500 981 eum
529 914 661 980 Heusdii
687 916 840 980 memoria
864 914 1076 981 necessitudo.
1116 916 1199 981 Ante
1228 937 1309 979 ocu-

278 1030 324 1094 los
357 1043 514 1117 perpetuo
538 1028 766 1094 obversabatur
796 1030 902 1115 imago
933 1030 990 1093 siri
1012 1031 1107 1094 unius
1135 1030 1169 1092 in
1198 1029 1308 1115 paucis

277 1145 440 1224 amabilis,
476 1166 579 1231 eaque
606 1141 851 1229 contemplanda
878 1155 915 1206 ut
937 1144 1044 1207 satiari
1061 1165 1124 1207 non
1142 1155 1306 1229 poteram,

277 1260 322 1322 ita
350 1259 468 1345 cupido
491 1281 542 1321 me
572 1258 718 1345 capiebat
744 1258 822 1321 alios
853 1280 983 1345 quoque
1010 1258 1050 1322 ad
1075 1257 1158 1322 banc
1175 1257 1308 1323 vocandi

278 1374 591 1459 contemplationem.
626 1371 839 1438 Temerariam
861 1394 924 1436 noo
946 1372 1082 1436 diffiteor
1098 1373 1189 1437 illam
1208 1372 1308 1435 videri

253 1539 255 1544 .
278 1487 482 1574 cupidinem,
514 1509 610 1573 quam
637 1487 687 1550 vel
712 1509 777 1550 una
800 1488 965 1551 tenuitatis
993 1509 1083 1551 meae
1103 1487 1308 1573 persuasione

277 1602 436 1687 extemplo
463 1603 676 1687 comprimere
700 1600 849 1667 debuisse
879 1622 1021 1667 censear.
1053 1601 1215 1665 'Profecto
1244 1601 1308 1664 leci

275 1715 364 1801 quod
391 1716 492 1800 potui.
517 1715 579 1779 Sed
600 1714 779 1803 quidquid,
803 1728 839 1780 ut
858 1714 1056 1795 deterrerer,
1079 1714 1224 1779 mihimet
1246 1714 1307 1800 ipsi

276 1840 308 1893 et
340 1851 435 1915 grave
465 1830 638 1913 objicerem
657 1841 688 1894 et
708 1830 899 1916 multiplex,
923 1829 1004 1894 nihil
1022 1852 1217 1917 magnopere
1232 1852 1308 1916 pro-

277 1943 436 2010 ficiebam.
483 1944 656 2009 Evincebat
682 1956 792 2029 gratus
822 1967 897 2030 erga
918 1966 1028 2009 carum
1049 1955 1146 2029 caput
1163 1944 1306 2023 animus,

278 2057 370 2140 cujus
397 2057 529 2144 quidem
554 2058 767 2144 patefaciendi
794 2060 1065 2144 opportunitatem
1090 2060 1237 2123 omittere
1264 2059 1307 2123 ita

276 2172 508 2259 propemodum
528 2184 630 2259 turpe.
632 2172 838 2257 judicabam,
853 2185 909 2253 ut,
922 2174 1167 2251 in=oltcrutram¹
1183 2184 1308 2259 partem

279 2297 488 2373 peccaturus,
527 2286 696 2383 scribendo
715 2286 864 2353 'mallem
886 2286 1106 2372 imprudenter
1136 2309 1234 2374 quam
1247 2337 1252 2362 ,
1265 2288 1308 2351 si·

277 2401 372 2467 lando
410 2402 537 2488 ingrate
576 2403 677 2489 egisse
716 2397 838 2467 videri..
869 2403 1102 2484 'Quamobrem
1141 2401 1308 2469 intendere

277 2515 390 2582 saltem
417 2518 500 2582 sires
522 2539 607 2583 meas
639 2539 747 2582 omnes
768 2528 809 2599 et
835 2517 973 2602 experiri
989 2517 1158 2602 placebat,
1182 2516 1308 2605 siquid
1422 2561 1423 2589 2

277 2632 421 2715 prolerre
446 2653 589 2716 possem,
617 2632 704 2718 quod
722 2654 792 2698 mea
813 2632 931 2717 pietate
947 2631 1096 2718 dignum,
1129 2653 1189 2699 nec
1206 2635 1311 2698 Heus·

281 2743 325 2809 dii
360 2745 550 2833 ppaestantia
585 2745 716 2830 penitus
745 2744 914 2829 indignum
946 2747 1189 2821 existimaretur.
1234 2749 1309 2824 ¹lino

279 2869 387 2923 autem
408 2858 461 2921 ubi
482 2881 533 2944 me
550 2859 748 2944 contuleram
771 2869 921 2945 totusque
936 2859 1183 2946 inexperiuudo
1201 2883 1314 2942 eram,⁴
1417 2858 1423 2929 <i

280 2959 598 3062 peropportune-siri
622 2971 760 3059 quidam·
772 2973 857 3041 docti
885 2973 1049 3060 iidemque
1063 2975 1309 3062 egregiidleus·

280 3071 392 3173 dianae
414 3085 609 3172 disciplinae
635 3087 760 3153 alumni
784 3109 857 3159 suos
878 3087 1066 3166 ediderunt,
1097 3090 1208 3165 rolin
1231 3112 1309 3156 eru·

279 3201 418 3267 ditonum
439 3213 534 3266 coetu
557 3201 607 3266 rel
629 3201 669 3266 ad
697 3201 872 3286 discipulos
889 3202 1311 3280 sobolisinstaurandissel
1422 3244 1423 3295 3

279 3318 344 3386 alia
371 3317 608 3404 opportunitate
626 3316 770 3395 habitos,
794 3337 975 3397 ammones,
1009 3319 1231 3404 quorum'alio
1245 3320 1308 3384 alia

279 3432 310 3494 in
343 3442 550 3515 praeceptore
575 3441 681 3496 nostro
702 3431 899 3516 potissimum
919 3431 1090 3517 spectanda
1110 3433 1306 3518 praebente,
1414 3487 1423 3527 ,ἵ

281 3546 390 3612 cuncti
407 3544 458 3618 ,ad
483 3546 656 3630 imaginem
686 3545 764 3628 ejus·
787 3547 902 3627 clarius
920 3546 1107 3614 intuendam
1124 3557 1157 3612 et
1170 3549 1308 3615 interius

279 3659 533 3746 cognoscendam
560 3657 742 3745 proderant.
785 3661 841 3726 His
866 3661 956 3740 brevi
984 3661 1182 3738 accedebant
1206 3662 1307 3748 ipsius

279 3774 410 3846 Hensdii
433 3773 568 3841 schedae
589 3746 686 3841 manu
701 3776 857 3860 scriptae„
891 3777 1003 3861 copia,
1034 3777 1206 3864 serietate,
1237 3791 1310 3846 moi
1422 3814 1423 3839 r

278 3901 386 3955 mento
412 3889 573 3974 insignes,
606 3910 685 3975 quas
708 3889 880 3975 singularis
898 3911 1027 3975 prorsus
1045 3889 1164 3964 viduae,
1178 3891 1308 3984 etlibe·²
1420 3864 1423 3915 ⁴

279 4025 386 4069 rorum
403 4003 637 4069 srberrevolentia
664 4003 887 4082 liberalissime
911 4003 997 4068 ¹milri
1023 4003 1157 4071 utendas
1175 4027 1307 4073 conces·

280 4118 344 4182 sita
387 4117 520 4182 Multum
556 4119 655 4204 igitur
692 4117 843 4197 aberat„
867 4096 979 4188 used
1014 4117 1129 4183 virium
1160 4140 1305 4192 mearum

278 4231 463 4304 terruitatern
496 4231 657 4314 rejicerer.
684 4231 799 4299 Gomm
817 4231 966 4305 timebam
992 4233 1306 4328 miuus33oesubsi·
