2875 5075
757 556 817 619 rto

271 732 433 816 quircotes
463 728 542 817 qnid
571 750 590 791 a
625 731 745 813 priora·
777 730 842 791 sive
871 728 955 792 intus
984 728 1015 789 in
1051 748 1159 790 rerum
1195 739 1311 793 natura

269 846 383 922 lateat,
407 856 439 907 et
461 842 538 907 binc
562 853 693 906 naturae
718 840 938 928 phaenomena
957 840 1118 926 explicare
1137 853 1307 908 conantes.

268 960 338 1023 Hoc
369 967 476 1022 autem
506 954 805 1044 «quemadmodum
833 954 1067 1020 instituendum
1098 956 1132 1019 in
1158 956 1305 1020 animum

267 1071 445 1137 humanum
473 1093 511 1136 ac
544 1069 699 1136 mundum
728 1069 1032 1157 intelligibilem-et
1061 1069 1216 1134 moralem
1247 1070 1312 1149 sit,

269 1185 417 1272 quidque
434 1184 509 1248 inde
528 1184 567 1249 ad
586 1183 728 1249 indolem
745 1183 880 1262 hominis
899 1204 938 1247 ac
958 1184 1118 1248 naturales
1136 1183 1312 1248 facultates

268 1314 301 1366 et
329 1298 566 1386 cognoscendas
596 1310 628 1363 et
650 1296 879 1384 perficiendas,
905 1310 973 1362 tum
1005 1299 1098 1363 etiam
1130 1295 1170 1361 ad
1200 1299 1311 1383 ipsum

269 1414 426 1482 mundum
442 1412 684 1500 intelligibilem
702 1424 735 1479 et
755 1414 908 1477 moralem
926 1410 1150 1498 explicandum
1171 1436 1310 1499 sperare

269 1542 368 1616 atque
389 1538 541 1614 exoptare
562 1528 706 1606 liceat»,
733 1549 771 1591 ex
798 1527 856 1591 illo
882 1527 1022 1594 Platonis
1050 1527 1139 1591 fonte
1161 1527 1309 1592 lleusdio

271 1642 353 1709 effici
374 1664 464 1729 posse
486 1640 664 1708 videbatur.
677 1638 704 1729 ¹)
737 1640 858 1709 Verum
880 1640 1007 1726 longius
1030 1640 1087 1705 ille
1108 1640 1195 1705 haud
1224 1664 1307 1727 pro-

272 1779 399 1841 gressus
428 1768 495 1835 est,
531 1756 692 1843 dictisque
724 1756 950 1821 convenienter
989 1776 1025 1819 ea
1057 1756 1170 1841 procul
1203 1756 1309 1821 dnbio

272 1869 460 1956 explicanda
484 1881 558 1934 sunt
579 1871 695 1949 verba,
723 1892 807 1957 quae
831 1870 925 1934 alium
952 1871 1029 1933 item
1059 1870 1311 1955 explicationem

272 1984 440 2049 admittere
461 1982 639 2053 videantur.

319 2098 499 2184 Scripserat
525 2098 794 2185 Wyttenbachius
825 2097 967 2165 lleusdio
992 2096 1120 2179 juveni:
1157 2098 1247 2181 «Qul
1274 2101 1310 2163 in

272 2214 403 2276 Platone
424 2213 497 2297 plus
518 2213 589 2277 aliis
607 2211 712 2293 videt,
737 2212 777 2279 ad
801 2213 897 2295 hujus
915 2212 1163 2297 intelligentiam
1184 2212 1309 2279 studio-

271 2327 313 2389 sis
333 2326 450 2412 prosit:
472 2338 503 2390 et
524 2328 668 2412 proiecto
685 2330 853 2415 egregium
873 2330 956 2392 vitae
976 2348 1092 2391 munus
1115 2332 1308 2415 susceperit.

271 2442 340 2507 Hoc
357 2452 451 2505 tunm
472 2452 537 2520 est,
561 2442 604 2505 mi
622 2440 753 2507 lleusdi.
767 2464 783 2503 v>
795 2441 820 2527 ²)
861 2441 960 2525 Cujus
979 2442 1091 2507 moniti
1108 2440 1162 2507 hio
1179 2464 1309 2529 semper

271 2578 412 2634 memor,
437 2557 614 2642 plurimum
643 2556 825 2643 gaudebat,
848 2579 882 2620 se
901 2580 962 2622 aaa
987 2557 1119 2644 quidem
1148 2559 1248 2624 modo
1277 2562 1309 2624 ei

235 2696 237 2701 ·
273 2671 456 2734 satisfacere
476 2683 626 2736 conatum
643 2672 751 2738 luisse.

315 2783 463 2848 Nondum
486 2785 633 2849 absoluta
654 2785 771 2849 Initio
797 2798 907 2862 erent,
932 2808 1033 2872 quum
1057 2785 1196 2852 duorum
1217 2790 1305 2854 alio·

273 2917 343 2958 rum
361 2918 501 2979 ,operum
532 2897 691 2961 lleusdius
719 2899 857 2990 alterum
883 2900 949 2983 jam
979 2899 1142 2980 ediderat,
1165 2905 1308 2968 alterurn

271 3027 346 3071 vero
367 3009 463 3072 edere
485 3023 644 3096 coeperat.

316 3123 433 3187 Prioris
451 3126 674 3190 conscribendi
696 3130 916 3213 opportunitas
935 3099 1078 3214 tempora
1097 3141 1203 3210 erant,
1220 3153 1308 3218 quae

270 3259 327 3301 uos
356 3237 475 3303 abhinc
503 3261 601 3303 annos
639 3242 885 3327 quatuordecim
918 3243 1099 3307 vivebamus
1130 3242 1307 3310 admodum

271 3351 414 3437 trepida,
438 3353 597 3439 siquidem
617 3355 825 3420 metuendum
842 3368 927 3435 erat,
958 3379 997 3419 ne
1017 3367 1048 3419 et
1069 3357 1130 3421 ulia
1157 3359 1191 3421 in
1212 3360 1309 3443 pejus

270 3476 472 3530 mutarentur
500 3479 532 3530 et
562 3489 636 3532 vero
659 3470 838 3551 juventutis
871 3483 1107 3556 perverteretur
1129 3473 1306 3542 institutio.

270 3577 362 3640 llulti
388 3599 496 3642 rerum
517 3601 669 3645 novarum
688 3582 823 3648 studiosi
840 3585 945 3670 iique,
970 3597 1007 3650 ut
1025 3585 1095 3650 lieri
1113 3587 1212 3666 solet,
1238 3609 1309 3674 qno

270 3688 463 3754 indoctiores
497 3714 534 3757 eo
564 3695 805 3776 insolentiores,
832 3698 935 3763 nullas
965 3721 1027 3763 non
1056 3699 1305 3768 Academiarum

270 3816 449 3869 nostrarum
470 3811 660 3874 mutationes
681 3810 901 3880 clamitabant.
934 3813 1079 3897 Quorum
1099 3817 1240 3882 consiliis
1260 3819 1307 3882 li-

270 3931 323 3983 cet
344 3918 430 3985 haud
455 3924 550 4006 pauci
571 3925 773 4003 resisterent,
799 3929 878 3990 tanti
898 3937 1004 3992 tamen
1026 3939 1155 4016 tamque
1184 3933 1307 3998 assidui

306 4185 333 4249 ιι
351 4189 413 4239 rao.
433 4191 485 4253 ιιι,
499 4190 559 4240 25⁵.

306 4272 333 4338 a)
353 4276 439 4339 eptae
456 4277 490 4323 aa
505 4278 602 4325 nausa.
619 4277 646 4342 ·p.
666 4278 753 4326 arur.
