2875 5075
629 522 670 588 53

136 692 225 773 ciae,
248 692 389 771 Romae,
411 692 570 758 seriorum
581 711 589 771 j
598 692 761 761 civitatum
781 700 1020 784 regnorumque
1038 698 1170 765 histori-

136 828 205 886 em;
230 818 264 871 et
282 806 342 887 lrac
360 805 531 888 divisione,
557 807 754 897 quamquem
772 832 793 873 a
812 813 969 897 scriptore
991 814 1089 900 longe
1103 816 1167 881 alio

135 920 257 1001 relata,
282 921 351 1007 ipse
370 931 475 985 tamen
496 923 532 987 iu
552 924 678 1009 generis
697 923 829 989 humani
847 926 1020 1013 cultusque
1044 929 1168 993 incide·

134 1036 189 1099 bat
208 1056 245 1099 es
265 1035 399 1101 Oriente
420 1036 455 1100 in
478 1037 646 1125 Graeciam
675 1048 706 1101 et
735 1038 879 1119 ltaliam,
913 1052 1013 1126 atque
1039 1041 1168 1108 lrinc'iu

11 1146 33 1235 ξ
134 1150 295 1234 Europam
313 1161 454 1233 nostram
480 1150 712 1216 occidentalem
730 1164 763 1217 et
789 1154 1080 1239 septemtrionalem
1091 1151 1183 1244 pro-⁸

134 1264 342 1349 gressioucm.
387 1264 492 1345 Quam
511 1267 768 1353 progressionem
788 1288 827 1331 eo
857 1268 977 1331 certius
1014 1274 1166 1357 persequi

133 1378 256 1463 potuit,
281 1400 347 1464 quo
366 1378 552 1465 diligentius
569 1378 708 1460 dehinc,
744 1379 855 1445 eadem
877 1381 1007 1465 adjutus
1028 1386 1165 1469 populo-

11 1474 13 1501 *
132 1513 205 1555 rum
228 1490 404 1572 divisione,
427 1494 578 1579 temporis
599 1496 695 1559 etiam
712 1496 947 1560 successionem
966 1498 1166 1563 animadver-

130 1616 200 1669 tere
224 1607 349 1693 eoepit,
373 1610 528 1693 minem
547 1630 662 1695 nempe
689 1608 842 1688 Oriente,
858 1644 862 1654 ·
880 1623 956 1674 tom
976 1610 1113 1677 Graecia
1132 1625 1165 1677 et

130 1720 250 1801 Roma,
269 1722 405 1803 tondens
421 1722 559 1787 demum
576 1736 701 1803 nestro,
727 1724 792 1788 sire
810 1725 1062 1805 Germanorum,
1087 1726 1166 1791 orbe

11 1914 13 1927 Ι
129 1835 170 1900 ad
197 1836 322 1901 cultum
351 1838 560 1924 rigoremque
596 1860 775 1925 progresso.
826 1838 907 1919 Sed,
949 1838 1038 1926 quod
1065 1841 1164 1927 longe

11 2034 13 2061 ,
130 1951 307 2015 maximum
321 1949 511 2034 judicabat,
535 1954 767 2039 llontesquirio
779 1965 971 2038 praeeunte,
983 1953 1162 2019 evidentius

11 2070 12 2149 j
130 2066 316 2151 perspicere
338 2063 510 2147 discrimen
529 2064 643 2156 didicit
658 2067 747 2131 iuter.
770 2079 917 2131 naturam
947 2078 979 2131 et
1009 2070 1163 2154 principi·

130 2200 189 2243 um
217 2180 589 2266 regiminislormerum.
622 2183 724 2260 Νιω,
742 2181 877 2248 licetde
894 2183 1077 2267 principio,
1098 2186 1162 2248 sin'·

128 2294 219 2381 gulis
248 2294 312 2357 illis
339 2295 531 2381 populorum
562 2297 695 2361 orbibus
721 2298 873 2383 proprio,
905 2296 993 2382 lueri
1020 2322 1039 2364 a
1069 2300 1158 2365 llon·

11 2422 12 2425 ’
127 2409 288 2494 tesquirio
308 2407 505 2489 dissentiret,
528 2434 595 2473 eres
611 2422 715 2475 tamen
737 2412 933 2496 principium
950 2413 1104 2498 aliquod.
1128 2425 1161 2477 et

125 2524 260 2588 omnino
287 2534 414 2608 praeter
444 2526 608 2610 regiminis
635 2525 753 2588 formas
782 2524 939 2607 ejusmodi
965 2526 1043 2612 quid
1075 2524 1162 2612 apud

123 2647 241 2724 gentes
255 2655 426 2701 occurrere
442 2637 619 2716 intellexit,
645 2659 709 2724 quo
721 2639 903 2733 ipsislinsito
920 2640 1094 2704 efficaciter
1104 2663 1160 2704 eae

124 2750 168 2816 ad
194 2749 355 2836 agendum
376 2750 637 2836 impellerentur,
662 2752 782 2838 cuique
800 2752 968 2834 educatio,
992 2756 1159 2833 instituta,

125 2865 216 2951 leges
252 2886 363 2929 esrum
402 2867 619 2932 convenirent,
645 2865 671 2953 ¹)
714 2867 769 2932 Sic
793 2868 954 2934 Heusdius
981 2869 1160 2954 pleniorem

126 2980 243 3043 sensim
266 2980 523 3066 certioremque,
543 3001 639 3068 quem
652 2982 814 3069 sPolybio
833 2984 984 3070 accipere
995 2995 1156 3068 potuerat,
1178 2989 1182 3018 ¹

125 3093 266 3179 ipsesibi
278 3094 483 3178 comparabat
494 3093 643 3159 historiae
659 3097 827 3160 universae
850 3099 1011 3183 synopsin.
1036 3099 1158 3166 Verum

126 3207 182 3271 has
204 3208 368 3293 opiniones
387 3220 494 3287 mente
513 3208 653 3288 solvens,
670 3221 785 3294 sponte
807 3211 842 3272 iu
858 3212 1158 3295 quaestionemad·

127 3319 243 3386 duetus
273 3334 342 3402 est,
379 3343 443 3408 qua
475 3324 653 3408 graviorem
684 3322 886 3386 existimabat
902 3322 1045 3403 nullam,
1079 3345 1157 3388 num

62 3457 64 3464 ·
127 3435 232 3520 ipsum
256 3457 358 3522 genus
384 3436 582 3522 humanum,
614 3437 648 3500 in
668 3435 926 3522 hac-temporum
946 3438 1158 3524 populorum·

127 3539 194 3636 que¹
219 3553 442 3632 successione,
488 3553 742 3638 progressionem
774 3551 815 3616 ad
841 3553 964 3639 ingenii
992 3553 1157 3640 animique

127 3665 341 3730 maturitatem
370 3666 494 3732 fecerit.
536 3667 638 3750 Hujus
671 3668 866 3753 quaestionis
895 3678 933 3731 ut
956 3642 1156 3733 momentum

128 3779 361 3864 persentiebat,
385 3781 431 3844 sie
450 3779 577 3844 ridebat
596 3779 837 3860 difficultatem3
861 3760 1020 3865 ssss'ejus
1038 3782 1155 3867 proba-

71 3913 72 3916 ’
128 3893 235 3960 biliter
256 3894 461 3980 explicandae
481 3895 581 3982 grstia
595 3894 1020 3981 ipsossdeundos-historiae
1038 3895 1153 3980 lentes,

160 4255 187 4322 1)
207 4258 301 4308 Sclrool
311 4273 361 4306 oon
378 4257 466 4320 Polyb.
489 4273 513 4323 p.
530 4256 572 4308 21.
