2875 5075
274 682 371 752 totis
386 702 509 751 summa
529 680 645 748 meritc
662 654 897 747 eristimatiune
915 688 948 743 et
970 676 1070 764 gratia
1087 675 1215 745 florent.
1239 674 1303 741 Sed
1355 690 1357 695 '
1402 680 1410 692 '

275 795 420 864 nondum
448 794 489 861 de
517 792 678 862 Leideutis
707 792 899 882 Academiae
930 814 1007 879 erga
1039 789 1219 858 Heusdium
1246 811 1305 855 ro-

276 910 400 975 luntate
422 908 628 975 absolvimus.
674 908 749 973 Post
773 926 893 975 anuum
921 906 1006 971 enim
1037 907 1123 971 1815
1149 928 1213 971 non
1236 915 1304 971 tau·
1417 952 1418 983 ,

278 1033 348 1091 lum
375 1024 522 1117 privatim
547 1022 583 1086 in
600 1018 844 1107 Wyttenbachii
871 1019 953 1085 rude
986 1018 1099 1086 donati
1118 1018 1305 1085 cathedram

277 1136 435 1230 inritatus¹
449 1146 515 1215 est,
539 1157 650 1202 verum
662 1133 874 1221 quadriennio
894 1143 965 1219 pust
983 1134 1127 1209 similiter
1147 1132 1256 1231 denuo
1276 1132 1306 1197 ei
1416 1138 1418 1201 l

277 1250 431 1338 Bergeri,
444 1250 503 1313 viri
520 1248 724 1327 excellentis,
740 1248 810 1334 ipsc
820 1249 929 1319 aetatis
947 1246 1026 1315 llere
1043 1247 1165 1332 patriae
1183 1248 1303 1332 erepti,
1416 1340 1418 1353 Ι

280 1363 432 1431 cathedra
453 1364 520 1451 ,tuit
540 1362 660 1454 oblata.⁴
682 1364 789 1446 Quam
818 1362 917 1442 tices,
940 1363 1061 1449 pariter
1087 1373 1185 1449 atque
1214 1372 1306 1427 antea
1416 1356 1418 1427 l

279 1477 626 1565 Wyttenbscbiansm,
649 1478 745 1545 etiam
761 1488 859 1564 atque
875 1476 972 1543 etiam
997 1498 1055 1565 per
1074 1477 1192 1543 amices
1212 1498 1306 1544 recu·

277 1604 383 1671 earet,
423 1611 628 1679 nequaquam
656 1602 764 1657 umen
795 1602 864 1657 tum
894 1590 1100 1659 Leidensibus
1132 1590 1255 1677 placuit
1274 1592 1307 1659 in

280 1727 376 1776 causa
402 1706 552 1791 privatim
569 1705 717 1772 contecta
736 1706 964 1793 acquiescere,
983 1705 1041 1792 qui
1060 1715 1200 1772 contrua
1219 1706 1307 1793 Rege
1417 1734 1418 1785 t

280 1840 356 1885 eum
367 1867 378 1898 ,
390 1818 481 1884 nulla
489 1840 579 1885 mera
587 1818 795 1905 interposita,
808 1818 982 1888 creandum
1000 1841 1068 1886 esse
1084 1830 1306 1887 censerent-
1417 1816 1418 1819 ’

278 1932 319 2001 In
326 1933 469 2020 Burgere
480 1931 652 2000 Academia
663 1932 825 1999 Leideusis
844 1933 1068 2003 incredibilem
1087 1932 1246 2017 jacturam
1262 1934 1307 1997 le-
1364 1932 1365 1935 ’
1417 1940 1418 1971 l

279 2058 378 2127 wrat,
390 2045 484 2131 cujus
500 2046 686 2113 sarciendae
693 2068 778 2133 erge
795 2048 842 2113 nil
857 2048 1051 2117 intentatum
1061 2047 1203 2134 relinqui
1214 2069 1308 2133 opor·

281 2170 376 2239 teret,
389 2182 450 2230 nec
461 2172 570 2228 actum
580 2160 760 2247 quidquam
771 2160 945 2241 videretur,
954 2161 1033 2229 dum
1044 2162 1123 2248 quid
1132 2171 1308 2247 superesset

282 2273 499 2360 agendum—
522 2274 577 2338 Sic
593 2274 797 2341 censentibus
820 2275 929 2344 multis
947 2266 1127 2361 Kemperus
1155 2276 1306 2361 praeivit,

280 2387 330 2453 vir
340 2398 488 2455 strenuus
500 2386 655 2456 adomnia
663 2388 862 2474 peragenda,
876 2406 959 2475 quae
971 2390 1055 2483 boue
1066 2402 1097 2454 et
1106 2390 1241 2459 honesta
1256 2390 1307 2473 ju-

282 2500 417 2571 dicaret.
449 2502 685 2590 Quumautem
709 2502 909 2573 vocationem
930 2503 1070 2573 Heusdie
1092 2526 1221 2592 prorsus
1244 2526 1309 2572 nun

281 2615 317 2687 in
336 2619 417 2685 vetis
438 2639 526 2697 esse,
550 2618 612 2703 ipsi
622 2618 705 2704 Regi
725 2631 911 2700 aciutaret,
932 2619 1014 2687 haec
1033 2641 1128 2688 eausa
1145 2621 1225 2699 tuit,
1251 2641 1309 2688 cur

281 2728 483 2797 Leidensium
511 2730 624 2797 studiis
664 2749 729 2796 non
750 2733 910 2818 extemplo
933 2733 1122 2813 satisfieret,
1146 2733 1223 2813 sed,
1252 2735 1310 2822 qui

283 2843 385 2912 altero
403 2843 476 2916 leco
492 2865 511 2907 a
527 2843 734 2914 (iuratoribus
753 2847 992 2916 commendatus
1021 2849 1146 2928 fuerat,
1177 2867 1309 2914 voeare-

284 2968 348 3026 tnr.
372 2957 494 3026 Verum
506 2956 568 3025 troc
578 2954 627 3029 Cl.
646 2957 714 3025 vim
732 2959 948 3028 conditionem
967 2961 1183 3052 detrectante,
1195 2975 1310 3050 coeptu

174 3080 176 3084 ’
282 3069 371 3134 haud
391 3070 616 3137 desistentibus
632 3071 839 3139 Leidensibns
857 3077 924 3140 Rex
942 3075 975 3144 d.
995 3079 1039 3142 20
1055 3078 1149 3146 Febr,
1169 3101 1199 3145 a.
1223 3081 1307 3144 1821

282 3197 411 3270 gratum
423 3185 511 3252 tecit.
535 3185 630 3269 Quod
647 3197 683 3251 ut
693 3187 744 3251 illi
753 3186 915 3256 laetissimi
924 3204 1137 3277 acceperant,
1154 3194 1199 3258 ita
1209 3195 1312 3258 Heus·

283 3299 394 3381 dium,
419 3319 459 3365 ne
474 3299 559 3366 hanc
576 3301 699 3366 irritam
722 3323 788 3366 esse
807 3303 902 3368 vellet
921 3305 1090 3386 laetitiam,
1107 3319 1311 3393 peramanter

243 3470 245 3473 .
285 3414 443 3500 enixeque
473 3426 637 3503 rogarunt.
680 3415 759 3508 Legi
783 3413 1079 3484 llruditissimnrum
1106 3421 1250 3485 r'irurum
1270 3419 1311 3486 ad

256 3547 358 3590 ·eum
384 3526 545 3612 epistolas.
593 3527 762 3615 Quidquid
792 3530 953 3601 rationum
982 3531 1122 3601 habeant
1146 3535 1312 3616 amium,

282 3661 373 3704 umor
398 3632 612 3721 Academiae,
654 3644 768 3730 inclyti
790 3645 849 3708 viri
871 3645 1040 3714 admiratio
1064 3671 1169 3737 enque
1201 3673 1311 3716 coram

279 3751 412 3820 fruendi
432 3755 572 3842 cupido,
597 3759 846 3826 cumulatissime
863 3761 896 3826 in
912 3762 950 3827 iis
970 3763 1149 3829 invenitur:
1180 3763 1310 3832 Leidam

281 3867 443 3950 Heusdiu,
466 3871 526 3938 uni
542 3871 688 3941 smmum
706 3855 1000 3962 clementem,
1023 3878 1227 3965 migrandum
1244 3901 1312 3947 esse

284 4004 349 4048 non
366 3982 406 4049 ad
424 3984 667 4072 Wyttenbaclrii
681 3997 738 4052 aut
748 3988 881 4075 Bergeri
892 3989 1076 4057 cathedram
1087 3993 1310 4060 conscenden-

283 4094 376 4194 dam,
399 4095 455 4164 sed
475 4100 516 4166 ad
533 4123 623 4168 susm
650 4103 750 4187 ipsius
777 4101 857 4168 illuc
886 4105 1158 4174 transferendam:
1184 4109 1309 4174 Profes-

283 4229 392 4275 surum
424 4211 744 4302 discipulorumque,
777 4238 873 4282 unam
899 4219 1058 4303 omnium,
1087 4244 1155 4288 esse
1176 4245 1309 4316 nucem,
