2875 5075
787 507 832 567 :to

291 680 430 757 comite,
454 678 638 745 suavissimo
656 678 919 764 peragenorem,
952 680 1010 765 qui
1029 679 1185 762 tuncjam
1205 679 1322 745 multo·

180 842 182 845 -
288 814 363 859 rum
401 790 579 857 borealium
614 791 780 859 bominum
817 788 887 887 ἴδεν
915 780 1019 856 cinaeo
1043 788 1098 857 sol
1126 780 1201 857 νόον
1229 788 1320 876 ἔγνω.

290 906 428 971 Doctum
451 905 533 972 illud
560 906 621 971 iter
636 905 702 971 diei
717 906 852 991 nequit,
883 904 910 968 si
927 903 1058 991 quidem
1075 904 1202 969 latitare
1217 905 1251 969 in
1268 904 1322 969 bi-

289 1020 461 1087 bliothecis
478 1031 510 1085 et
528 1019 747 1105 impallescere
765 1018 884 1085 chartis
897 1042 917 1085 a
930 1017 1065 1085 oonsilio
1077 1019 1219 1085 abenum
1235 1030 1319 1099 erat3

288 1134 346 1201 sed
372 1134 412 1199 ad
431 1134 595 1201 honestam
614 1134 880 1214 oblectationem,
902 1133 942 1199 acl
958 1132 1124 1199 bominum
1145 1154 1321 1220 rerumque

290 1249 546 1316 memorabilium
581 1249 820 1335 coguitionem,
854 1247 895 1313 ad
920 1269 1049 1313 sensum
1073 1248 1181 1333 pulcri
1203 1269 1322 1315 acuero·

288 1363 391 1443 dnm,
420 1363 461 1429 ad
483 1362 711 1429 recordationis
731 1363 917 1429 suanmtem
934 1362 1135 1428 uberrimum
1153 1363 1227 1431 init.
1260 1362 1322 1427 Ju-

291 1477 416 1544 cundae
443 1476 512 1560 ejus
542 1476 654 1543 literae
682 1488 757 1541 sunt
787 1498 826 1541 er
844 1477 969 1565 inclyta
988 1477 1070 1542 urbe
1089 1476 1131 1542 ad
1148 1476 1321 1543 familiares

288 1594 440 1679 scriptae.
481 1594 604 1658 Recens
619 1591 760 1671 advena,
787 1591 891 1684 multa
906 1591 1061 1671 videndo,
1081 1590 1320 1666 ridebatnibil.

289 1706 379 1777 adeo
394 1692 538 1772 insolitis
547 1706 695 1771 omnibus
714 1717 749 1770 et
767 1708 1004 1791 exspectatione
1018 1704 1194 1789 majoribus
1209 1705 1320 1772 obstu-

216 1827 219 1833 '
289 1821 373 1907 puit.
403 1820 647 1907 Wyttenbacbii
666 1819 940 1887 commendatione
959 1819 1155 1900 Villoisono‚
1186 1818 1320 1885 Sancto-

290 1936 424 2015 crucio,
465 1934 624 2002 Larcbero
659 1934 901 2020 acceptissimus
932 1934 1098 2012 veniebat,
1137 1934 1233 1999 amici
1270 1934 1320 1999 sui

290 2049 485 2133 discipulum
509 2049 777 2134 amplectentibus
796 2051 954 2115 continno¹
964 2060 997 2113 et
1013 2070 1115 2115 suum
1132 2059 1247 2133 sponte
1263 2068 1321 2113 ro·

291 2164 448 2230 cantibus.
462 2162 487 2249 ¹)
511 2165 571 2229 Per
588 2162 645 2228 hos
666 2162 827 2231 Obardoni
837 2163 1029 2243 Rocbettio‚
1047 2165 1176 2249 Korayo
1183 2163 1319 2250 aliisque

289 2276 391 2343 doctis
416 2278 491 2341 viris
520 2277 707 2343 conciliatus
734 2289 768 2341 et
790 2279 942 2345 llarronis
966 2300 1088 2343 summa
1113 2278 1223 2345 iruens
1242 2300 1320 2363 erga

290 2390 461 2477 populares
481 2412 555 2457 suos
576 2392 818 2471 benevolentia,
841 2414 880 2457 ex
895 2392 1073 2459 multorum
1085 2391 1319 2458 humanissimis

287 2506 488 2574 sermonibus
515 2518 547 2572 et
575 2506 692 2574 blanda
709 2507 860 2574 comitate
877 2506 1019 2594 insignes
1035 2506 1183 2593 capiebat
1203 2495 1320 2592 volnp‘-

289 2623 362 2688 tatis
394 2622 606 2708 utilitatisque
634 2623 772 2690 fruetus.
804 2622 859 2688 sio
881 2621 1020 2708 plurima
1035 2622 1192 2707 comperit
1208 2620 1251 2686 ad
1267 2644 1320 2688 re·

290 2755 363 2800 rum
384 2734 641 2799 memorabilium
652 2735 778 2801 infiniti
792 2736 884 2820 copiis
901 2756 976 2801 oum
993 2737 1116 2801 ratione
1127 2736 1317 2817 fruendum,

290 2859 323 2914 ct
345 2850 381 2913 in
394 2847 599 2914 bibliothecis
626 2848 781 2935 quidem,
809 2850 987 2916 laventibus
1005 2859 1116 2918 aarum
1132 2852 1317 2937 praelectis,

291 2974 338 3028 tot
362 2963 463 3028 ferme
486 2961 580 3028 boras
595 2964 716 3028 utiliter
737 2964 845 3053 degit,
873 2975 954 3050 quot
970 2965 1040 3032 illic
1058 2967 1178 3032 versari
1195 2977 1319 3051 tempe·

290 3079 334 3144 ris
361 3077 506 3142 siverunt
529 3079 708 3164 angustiae.
743 3077 896 3145 Omnium
916 3089 1044 3160 autem,
1067 3081 1188 3167 quibus
1207 3081 1319 3146 oculos

288 3193 470 3263 animumve
498 3191 667 3276 pascebat,
697 3192 784 3260 baud
805 3197 879 3260 scio,
892 3217 933 3262 an
954 3197 1121 3262 maximam
1139 3197 1172 3262 ei
1184 3196 1319 3262 admira-

290 3307 409 3374 tionem
441 3307 599 3370 morerint
625 3306 740 3373 eximia
761 3310 912 3396 antiquae
937 3311 1014 3376 artis
1032 3321 1257 3391 monumenta,
1280 3332 1341 3394 or·
1425 3354 1426 3357 =

288 3421 382 3488 ltalia
409 3431 487 3486 tunc
518 3421 673 3486 Lutetiam
713 3422 881 3504 traducta,
922 3425 1022 3511 inque
1050 3425 1158 3492 llusoo
1182 3436 1316 3492 serram.

290 3536 376 3600 llaec
395 3534 534 3598 intuenti
561 3534 633 3620 quis
661 3557 771 3604 sensus
798 3549 899 3618 esset,
926 3538 967 3607 ad
990 3520 1166 3607 statuarum
1181 3540 1318 3604 maxims
1424 3596 1425 3599 ,

291 3647 590 3733 contemplationem
623 3660 660 3716 ut
689 3652 783 3718 altior
806 3653 867 3719 sibi
900 3653 970 3719 lieri
995 3653 1158 3721 rideretur
1171 3674 1233 3718 nec
1251 3674 1318 3718 esse

290 3763 436 3841 omnino,
452 3761 786 3849 egredienslluseum,
796 3768 854 3855 qui
866 3769 1117 3848 intromiserat,
1129 3767 1272 3832 scribere
1283 3787 1316 3832 se

169 3965 171 3970 ,
287 3897 378 3962 posse
405 3877 553 3964 negabat.
584 3879 688 3961 Quem
707 3875 943 3964 ἐνθουσιασμόν
959 3905 1029 3950 non
1042 3881 1193 3969 estquod
1212 3881 1315 3965 inju·
1423 3892 1424 3911 ¹

287 4098 483 4110 υ--ηι--ι-ο

321 4233 348 4299 1)
368 4237 453 4301 Epist.
469 4239 504 4288 os
522 4242 612 4290 Orsus.
630 4258 654 4304 p.
669 4239 710 4290 37.
