2875 5075
607 538 647 599 ts

111 708 228 772 terasia
255 706 397 772 ¹historia
434 709 578 794 gentium
615 710 853 786 recentiorum,
901 729 1013 773 rerum
1045 711 1143 775 etiam

108 820 241 885 historia
257 820 483 901 humanitatis,
516 822 665 887 introitus
694 822 728 885 iu
754 822 874 908 scripta
897 833 930 887 et
947 822 1145 910 pbilosophi-

13 1008 17 1017 ,
108 957 161 1000 am
187 936 345 1015 Platonis,
381 935 630 1023 encyclopaedia
653 936 803 1001 universa
822 957 842 1000 e
862 937 1028 1031 principiis
1045 937 1144 1004 (lucta

108 1048 332 1136 philosophiae
348 1051 531 1118 Platonicae
550 1062 582 1115 et
604 1048 806 1136 philosophia
823 1050 1019 1137 linguarum.
1038 1054 1144 1135 Quem

107 1184 282 1228 numerum
300 1165 413 1251 augeri
429 1186 523 1251 posse
540 1164 685 1248 sejuncta
696 1167 999 1231 commemoratione
1015 1188 1144 1248 eorum,
1162 1194 1166 1198 ²

108 1297 214 1363 quae,
244 1299 282 1341 ex
305 1278 513 1363 amplioribus
534 1278 733 1365 argumentis
752 1278 855 1359 lecta,
877 1281 1046 1365 separatim
1065 1302 1145 1345 nou-

108 1412 289 1478 numquam
314 1392 515 1480 interiusque
538 1394 804 1480 explicabantur,
834 1393 986 1459 historiae
1010 1416 1039 1458 r.
1056 1415 1087 1462 c.
1106 1395 1145 1459 ti-

108 1506 251 1583 terariae
271 1506 313 1570 ad
331 1507 473 1578 Graecos
493 1520 618 1577 tautum
637 1508 777 1588 relatae,
798 1506 952 1575 historiae
971 1528 1055 1595 quae
1074 1506 1147 1595 plri-

109 1619 275 1705 lcsophiae
293 1633 341 1687 est
366 1622 567 1701 Socraticae,
592 1622 777 1687 Platonicae
806 1633 839 1687 et
864 1622 1074 1687 Aristoteleae
1093 1623 1145 1687 rel

109 1736 316 1816 recentioris,
333 1737 368 1801 iu
387 1737 498 1822 primis
517 1736 669 1817 moralis,
698 1738 853 1822 inspectis
872 1721 1064 1804 Academiae
1088 1758 1146 1803 an·

108 1846 238 1913 salibus
256 1850 435 1937 uuicuique
455 1850 591 1937 patebit.
628 1852 751 1920 Verum
767 1850 830 1916 hoe
850 1872 915 1915 uon
930 1852 1046 1917 dubito
1064 1852 1146 1938 quin

108 1962 204 2027 multi
222 1986 337 2049 parum
352 1976 487 2045 curent,
508 1964 636 2053 sibique
646 1966 747 2052 ipsius
763 1965 975 2031 iustitutionis
988 1966 1147 2030 rationem

110 2086 210 2163 atque
238 2090 437 2145 momentum
479 2100 576 2167 quam
620 2080 804 2146 scholarum
837 2081 967 2145 nomina
999 2077 1144 2144 enarrari

111 2191 234 2258 malint.
280 2194 381 2258 Recte
400 2192 534 2280 quidem
553 2195 622 2275 illi,
647 2216 751 2281 eaque
768 2195 952 2274 voluntate,
976 2195 1031 2261 eui
1050 2193 1146 2258 obse-

111 2305 169 2391 qui
197 2306 276 2371 licet
296 2308 487 2393 perdifficile
508 2309 566 2390 sit,
595 2308 676 2397 quid
700 2322 808 2377 tamen
830 2310 960 2375 dulcius
983 2308 1146 2395 discipulo

112 2440 181 2484 esse
214 2432 341 2506 potest,
378 2424 436 2510 qni
460 2423 559 2508 hujus
595 2425 814 2510 praeceptoris
839 2446 948 2489 amore
975 2423 1062 2488 cedit
1088 2444 1147 2485 ne-

111 2535 216 2602 minii

155 2649 234 2713 llibi
255 2651 356 2736 igitur
378 2671 471 2729 eam,
495 2671 560 2735 qua
578 2652 647 2735 ipse
666 2647 708 2714 ab
738 2669 823 2715 anno
844 2648 941 2732 hujus
968 2649 1069 2716 seculi
1099 2650 1146 2713 ri-

111 2764 234 2830 cesimo
255 2783 314 2848 per
339 2765 527 2829 sexennium
547 2766 615 2829 fere
640 2785 826 2844 naussum,
847 2761 1051 2849 disciplinam
1069 2785 1146 2829 cum

112 2879 258 2964 priorum
277 2889 309 2942 et
329 2891 531 2963 posterorum
549 2879 709 2945 sodalium
728 2879 917 2944 testimoniis
941 2879 1144 2957 conferenti,

112 2993 341 3078 variorumque
356 3003 522 3077 praeterea
541 3015 699 3059 annorum
726 2993 851 3058 scholas
871 2993 1014 3080 legenti,
1047 2992 1145 3057 ride·

114 3117 168 3170 tur
197 3107 276 3171 haec
296 3108 457 3174 institutio
477 3109 593 3172 sensim
618 3119 688 3172 tum
717 3106 909 3192 explicuisse
925 3127 995 3171 sese
1015 3117 1084 3172 tum
1103 3106 1145 3171 ad
1187 3095 1194 3104 ’

111 3221 220 3300 illam,
245 3243 329 3308 quae
349 3221 491 3291 Heusdio
514 3233 638 3287 mature
670 3220 924 3298 obversabatur,
957 3221 1149 3302 praestanti-

113 3357 165 3400 am
191 3337 279 3400 enisa
307 3346 406 3423 atque
435 3357 621 3423 progressa,
652 3355 830 3421 numquam
858 3353 934 3398 rere
950 3332 1060 3398 indole
1088 3355 1146 3398 sua

113 3461 236 3514 mutata
253 3452 360 3517 luisse.
406 3451 570 3536 Principia
589 3460 677 3514 certe
697 3448 856 3535 quaedam
875 3459 1059 3512 constanter
1080 3469 1148 3512 ser·

114 3575 184 3629 vata
205 3564 330 3645 rideas,
356 3585 554 3650 eorumque,
580 3586 664 3651 quae
686 3562 804 3628 deinde
822 3563 941 3650 primas
963 3585 1060 3649 agere
1088 3584 1144 3627 so-

114 3679 245 3758 lebant,
269 3679 379 3758 initia,
404 3679 512 3764 priore
535 3691 702 3763 tempore,
738 3677 983 3764 investigantem
1005 3699 1070 3742 non
1093 3677 1144 3741 la·

115 3803 194 3858 tent.
240 3793 294 3858 Sic
310 3817 415 3858 novos
430 3793 612 3871 Professor,
648 3791 871 3858 Gaudoeserio
892 3803 988 3870 teste,
1021 3801 1142 3856 veteres

116 3909 287 3994 scriptores
305 3911 350 3975 ita
367 3907 658 3993 interpretabatur,
690 3917 727 3973 ut
748 3905 901 3992 discipuli
927 3927 993 3970 non
1018 3915 1143 3970 tautum

116 4023 156 4087 ad
184 4023 317 4109 linguae
347 4023 564 4109 cognitionem
597 4019 813 4108 proficerent,
847 4039 958 4084 rerum
985 4019 1081 4082 etiam
1108 4017 1143 4081 in

113 4139 212 4230 ipsius
234 4127 433 4229 antiqnitatis
461 4149 492 4202 et
521 4137 716 4228 scriptorum
742 4137 898 4204 rationem
925 4157 959 4199 se
996 4133 1143 4202 insinna-
