2875 5075
591 534 653 597 221

9 718 12 791 ᾗ
120 707 268 786 estiis,
287 727 371 791 quae
390 704 422 769 in
442 726 572 771 nummo
590 706 713 773 Canalis
729 704 957 789 Cattcriceneie
969 704 1145 791 leguntur,

120 833 153 886 et
173 842 249 887 vern
268 821 364 885 rerba
382 821 505 885 nummi
520 814 634 905 ¹primis
649 818 840 883 Academiae
855 820 1056 901 Trajectinae
1072 822 1146 886 Sae-

9 954 10 957 ’
120 935 284 1001 cularibns
322 935 390 999 cusi
428 936 584 999 atrium
625 933 877 1010 libertatis,
908 934 1146 1017 sapientiae

9 1122 10 1127 η
33 1127 36 1132 ,
120 1049 341 1134 templum,
366 1058 398 1112 et
419 1048 559 1113 Lucretii
579 1046 662 1111 illud

161 1162 261 1234 Aria
280 1160 476 1227 Pieridum
494 1183 662 1247 perag-re
682 1162 786 1240 loca,
810 1160 965 1226 nullius
990 1174 1080 1225 ante

163 1247 274 1341 Trita
295 1275 397 1339 solo:
420 1274 532 1358 jurat
560 1275 739 1361 integros
760 1273 957 1340 accedere
985 1276 1145 1341 fonteio.

9 1400 11 1403 '
119 1410 221 1474 quum
243 1387 371 1453 tandem
396 1389 603 1454 intellexisset
634 1410 699 1476 quc
730 1410 825 1453 sensu
850 1389 1147 1455 Hennterhneianae

118 1502 330 1587 praemissum
347 1514 429 1599 esset
449 1502 489 1567 de
516 1502 650 1567 domine
671 1504 810 1589 ejusque
827 1502 1058 1569 relationibus
1076 1505 1147 1589 epi-

119 1616 237 1695 rtelae,
251 1612 277 1701 ¹)
302 1614 359 1679 illa
369 1616 470 1701 igitur
482 1627 680 1703 quantopere
691 1617 721 1681 ei
737 1616 926 1701 placebantl
950 1617 1026 1700 Ejus
1037 1631 1146 1683 autem

52 1730 55 1735 '
118 1732 152 1793 in
178 1729 295 1795 talibus
315 1729 529 1813 dijudicandis
548 1730 728 1816 elegantem
747 1730 919 1816 quamdam
936 1732 1145 1797 subtilitatem

119 1855 156 1909 ut
172 1845 266 1909 multi
285 1864 317 1907 se
339 1844 480 1908 libentes
498 1855 644 1928 expertes
662 1864 730 1907 esee
750 1844 1024 1926 recordabuntur,
1048 1847 1093 1909 ita
1113 1856 1145 1909 et
1188 1844 1192 1850 ’

117 1946 316 2045 ὑπογραφὴν
325 1958 433 2025 vexilli
451 1958 664 2023 in-Senaculo
683 1960 864 2041 Trajeetino
883 1962 1034 2025 asservati
1049 1960 1091 2024 ab
1107 1981 1146 2023 ce

118 2066 318 2156 inrectam2)
341 2082 373 2136 et
391 2073 548 2137 llinerrae
571 2072 743 2158 imaginem
761 2073 795 2135 in
810 2094 940 2138 nummo
954 2072 1146 2137 Academiae

75 2234 81 2239 .
119 2183 284 2249 saeculari
308 2186 410 2250 altere
434 2186 473 2250 iis
505 2197 649 2250 ornatam
674 2207 748 2249 esse·
768 2187 889 2265 verbis,
912 2189 946 2251 in
971 2207 1056 2272 quae
1077 2186 1145 2272 ipae

9 2312 10 2331 ³
120 2308 220 2383 atque
232 2298 381 2378 Mallius,
400 2300 525 2385 collega
536 2300 566 2363 ei
583 2298 675 2363 valde
691 2299 844 2381 dilectus,
860 2300 971 2365 ecdem
982 2301 1048 2365 fere
1066 2311 1145 2363 tem·

120 2432 198 2495 porc
226 2408 461 2499 inciderant,³)
490 2412 553 2477 hcc
576 2413 645 2485 fore
666 2414 784 2492 credo,
808 2415 867 2499 qui
894 2413 1032 2477 libenter
1059 2413 1146 2475 acci·

120 2526 220 2611 piant.
246 2563 293 2578 -s
305 2526 368 2590 Sed
388 2526 428 2590 ab
460 2527 593 2592 Heusdii
612 2528 809 2606 amicorum,
834 2527 1000 2611 cumipse
1028 2547 1146 2590 sermo·

121 2641 317 2720 cinantium,
347 2640 473 2726 judicic
507 2640 712 2720 defleximus,
748 2663 830 2727 quea
863 2653 1029 2726 praeterea
1059 2639 1145 2704 baud
1173 2690 1177 2698 .

117 2754 264 2840 fugiebat
303 2756 431 2820 aedium
454 2757 678 2842 omniumque,
705 2777 788 2842 quae
813 2757 852 2820 iis
878 2740 1144 2833 continebantur,

122 2889 197 2932 cum
214 2868 537 2934 earumdemdcminn
557 2871 789 2936 convenientia.
813 2868 1088 2949 Henediusenim‚
1109 2881 1145 2934 ut

125 2982 255 3067 Nepotis
279 2981 319 3047 de
343 2983 452 3048 Attico
473 2985 576 3050 verbis
601 2972 898 3070 dicam‚iinprimis
919 2985 1002 3049 bene
1022 2983 1146 3049 babita-

119 3095 191 3161 bat:
211 3095 358 3184 elegans,
379 3117 441 3162 nnn
464 3097 668 3184 magnificus,
687 3097 892 3183 splendidus,
913 3119 977 3160 nnn
1000 3108 1146 3161 sumtuo-

9 3269 10 3300 ἒ
122 3201 192 3274 sust
233 3211 377 3296 supellex
409 3212 586 3298 exquisita,
618 3233 682 3274 ncn
712 3210 831 3276 multa:
866 3222 985 3274 cuncta
1017 3211 1146 3274 omnine

9 3323 11 3382 ὲ
120 3324 332 3410 congruentia
350 3324 438 3417 viro,
455 3345 551 3409 quem
568 3324 731 3409 peregrini
749 3323 830 3388 aden
850 3324 914 3388 ruis
928 3322 969 3386 ad
984 3323 1089 3407 ipsum
1106 3324 1146 3386 li-

119 3438 197 3502 teris
209 3437 399 3504 urbanitatis
412 3439 591 3524 exemplum
603 3438 770 3504 vocabant.
788 3439 827 3502 Et
837 3459 911 3504 eane
922 3437 1005 3503 banc
1015 3438 1146 3525 quaeris

120 3701 320 3712 α--υα--ιο-ιι

154 3890 180 3956 1)
199 3893 298 3942 Seerat.
316 3892 409 3946 seton
422 3893 470 3956 tv,
493 3891 550 3944 161.

157 3976 183 4044 2)
200 3980 312 4041 'Heringa
328 3979 356 4027 in
373 3981 440 4029 Orat.
458 3995 483 4044 p.
504 3981 537 4029 85
555 3981 639 4043 laud,
659 3995 682 4045 p.
705 3978 764 4028 140.

156 4061 183 4130 ³)
202 4064 266 4114 Volo
285 4057 332 4113 tria
351 4065 395 4113 illa
412 4066 567 4130 subscripta:
594 4066 747 4130 postlata
766 4069 947 4128 superstent
965 4065 997 4114 de
1014 4065 1045 4113 iis
1061 4066 1146 4131 enim,

119 4150 216 4215 quibus
233 4151 346 4214 cingitur
368 4153 466 4215 imago,
492 4151 577 4201 verbis
600 4152 738 4214 auspice
757 4151 823 4199 De'c
841 4157 999 4199 servetur
1019 4154 1149 4201 inceler-
1218 4169 1223 4176 ’

119 4239 162 4284 nri
171 4253 200 4300 a,
217 4236 356 4300 quidquam
372 4253 412 4286 me
428 4237 460 4286 ab
477 4237 588 4286 lleurdic
605 4237 723 4300 accipere
736 4251 789 4284 nnn
804 4237 915 4290 memini.
