2875 5075
789 534 833 595 96

302 706 469 771 terendum
494 726 562 769 esse
589 716 718 771 censeat
749 702 925 791 Spectmen
949 704 1208 788 Pindaricum
1231 691 1258 773 is
1283 731 1335 773 me

192 884 195 891 ,
301 820 433 907 quidem
463 840 528 884 non
558 830 681 884 tantum
715 820 775 906 ipsi
801 820 965 900 assentiri,
1003 819 1059 884 sed
1078 823 1174 887 etiam
1193 834 1333 887 statuere

301 936 401 1015 sciat,
424 933 623 999 Heusdianae
642 934 676 998 in
699 933 892 1020 antiquitate
910 934 1099 1018 explicanda
1118 937 1248 1000 rationis
1266 938 1331 1002 rim

301 1049 334 1113 in
355 1047 468 1113 eodem
493 1049 581 1112 cerni
606 1044 805 1133 Speeims'ne.
850 1046 900 1111 sd
926 1049 1088 1134 integram
1110 1061 1219 1116 autem
1238 1051 1328 1115 illius

303 1164 349 1228 rei
377 1164 626 1227 aestimationem
660 1163 791 1226 minime
825 1161 1097 1247 praetereundum
1125 1184 1261 1243 censeo,
1296 1165 1329 1229 in

302 1278 575 1362 praestantissimis
593 1276 838 1363 Gymnasiorum
855 1286 1038 1341 nostrorum
1053 1271 1246 1342 Doctoribus
1274 1298 1328 1342 ees

302 1404 334 1455 et
350 1393 447 1458 luisse
463 1403 494 1455 et
511 1392 607 1457 etiam
626 1413 714 1455 nunc
735 1412 803 1455 esse
819 1390 953 1455 Heusdii
971 1388 1164 1477 discipulos,
1189 1415 1330 1481 quorum

303 1528 320 1571 e
336 1506 524 1593 disciplinae
540 1494 686 1571 ubertate
707 1507 877 1591 perspicue
894 1518 1018 1592 pateat,
1040 1508 1135 1593 quale
1155 1520 1330 1595 quantum·

303 1642 367 1707 que
384 1620 424 1685 ad
448 1620 532 1705 ipsos
558 1620 618 1683 rite
648 1619 840 1686 erudiendos
858 1620 1011 1706 pristinae
1029 1612 1238 1685 institutionis
1257 1643 1331 1685 mo-
1351 1630 1354 1635 '

303 1745 446 1799 mentum
467 1734 574 1799 fuerit.
621 1734 743 1803 Verum
771 1734 929 1799 institutio
953 1733 1008 1798 illa
1029 1734 1063 1796 in
1082 1734 1226 1819 plurium
1251 1757 1331 1820 pro-

305 1848 392 1913 iecto
425 1869 522 1935 qnam
566 1849 600 1911 in
642 1848 865 1929 literatorum,
902 1848 958 1935 qui
997 1848 1170 1928 dicuntur,
1217 1850 1330 1914 animia

303 1942 432 2027 aculeos
457 1962 659 2049 relinquebat
687 1984 861 2049 sanequam
885 1973 1025 2055 acutos„
1055 1962 1147 2043 Quae
1177 1963 1273 2029 illum
1296 1962 1330 2026 in

303 2076 420 2141 sobolis
445 2076 653 2141 disserentem
687 2076 917 2158 audiebamus,
970 2076 1050 2143 baec
1079 2077 1169 2141 brevi
1210 2079 1329 2143 crebris

303 2191 502 2257 sermonibus
540 2190 800 2276 usurpabantur,
843 2214 882 2259 ac
919 2212 1048 2278 prorsus
1088 2191 1184 2255 fiebat
1226 2192 1328 2272 illud,

303 2305 392 2391 qued
421 2306 455 2369 in
477 2306 625 2391 Epistolis
654 2305 694 2370 de
721 2308 951 2371 Institutione
978 2304 1160 2392 Superiora
1184 2308 1328 2391 praecla-

303 2442 358 2485 rus
379 2420 481 2484 Senex
509 2421 635 2484 evenire
665 2421 729 2500 ait,
755 2417 781 2507 ¹)
817 2421 891 2510 uhi,
909 2420 1110 2496 auditoribus
1139 2422 1237 2506 paulo
1273 2442 1328 2486 ex·

304 2537 468 2622 quisitiora
483 2534 675 2601 traduntur:
699 2535 754 2602 alii
770 2534 974 2601 vehementer
992 2535 1150 2621 probare,
1171 2535 1326 2602 subdubi-

304 2661 371 2715 tare
388 2650 461 2729 alii,
495 2671 558 2714 non
580 2671 645 2714 uno
674 2648 769 2714 medo
785 2650 968 2736 intelligere
989 2670 1120 2729 omnes,
1144 2651 1277 2738 quidam
1293 2653 1325 2715 in

304 2776 442 2828 extrema
462 2762 603 2843 ducere,
627 2763 684 2828 bos
708 2785 859 2830 revocare
884 2763 1128 2849 prudentiores,
1160 2786 1220 2831 nec
1238 2766 1329 2831 iami-

281 2878 435 2944 ‘liaribus
460 2888 581 2942 tantum
611 2877 810 2942 sermonibus
834 2877 914 2942 baec
937 2877 1073 2961 juvenili
1095 2900 1171 2943 cum
1186 2875 1328 2967 ἐνεργείᾳ

303 2991 434 3072 disseri,
458 2989 564 3054 sedin
582 2990 735 3056 sodalitiis
752 2992 848 3056 etiam
872 2993 1021 3056 literariis
1035 2991 1122 3075 justa
1139 2972 1328 3078 disputatio·

303 3128 363 3185 ne,
388 3105 643 3191 responsionibus
659 3105 700 3170 ad
718 3107 837 3191 positas
856 3107 1079 3194 quaestiones,
1108 3108 1253 3193 variique
1271 3129 1326 3193 ge-

303 3221 389 3286 neris
408 3220 633 3306 scriptionibus
662 3221 829 3306 explorari.
863 3221 988 3302 Quibus
1017 3221 1163 3288 omnibus
1183 3221 1264 3308 quid
1285 3221 1327 3284 ad
1355 3269 1358 3275 .

303 3335 550 3422 promerendam
561 3326 753 3423 αὐτουργίαν
770 3335 1010 3422 multorumque
1020 3336 1147 3431 ⁸animos
1163 3336 1328 3421 praeclaro

303 3451 369 3514 veri
387 3447 559 3535 indagandi
581 3448 694 3512 ardore
711 3460 798 3513 arcte
813 3449 992 3535 jungendos
1005 3451 1109 3535 aptius
1119 3471 1186 3513 esse
1197 3450 1327 3535 potest?

303 3563 357 3628 sto
397 3563 579 3628 Heusdiana
612 3561 781 3648 disciplina
813 3562 948 3628 liberam
977 3565 1091 3643 ruentis
1123 3565 1328 3651 agitationem

304 3677 398 3741 etiam
425 3687 512 3741 extra
549 3675 671 3742 scholas
704 3677 877 3742 suscitabat
915 3678 1139 3766 amicitiaeque
1172 3677 1329 3744 concilia-

304 3792 366 3856 trix
383 3802 451 3857 erat
470 3792 762 3878 generosissimae;¹
782 3814 877 3879 quam
903 3792 1035 3879 quidem
1064 3805 1234 3880 utramque
1253 3793 1327 3878 plu-

304 3907 375 3971 rimi
393 3905 450 3970 ille
469 3907 589 3972 faciens
608 3905 763 3972 suadebat
781 3907 850 3971 lere
870 3907 1068 3990 junioribus,
1093 3920 1129 3972 ut
1148 3907 1329 3972 istiusmodi

301 4127 508 4140 ——n-a———mnn
