2875 5075
7 746 8 755 .
115 718 175 787 tas3
203 704 443 793 oujno'quidem
458 707 492 770 io
508 726 542 773 se
560 709 659 773 amori
676 707 756 787 hoo,
779 719 854 773 utut
871 729 984 795 grave,
1004 709 1146 775 dandum

115 840 182 885 csse
190 818 360 903 judicavit.
379 821 494 903 Quoad
510 832 620 890 autem
638 834 765 909 poterat
783 834 815 887 et
832 823 968 905 licebat,
991 825 1147 890 carissimi

7 950 8 953 ’
113 935 331 1021 praeceptoris
359 936 500 1001 consiliis
525 937 738 1026 monitisque,
765 937 845 1024 quin
866 938 1007 1025 hospitio
1032 939 1147 1005 Leiriae

114 1050 285 1128 utebatur,
317 1050 419 1115 ,veluti
449 1052 573 1115 aestivis
595 1052 683 1117 feriis
710 1074 740 1119 o.
770 1055 873 1133 troo,
906 1074 1008 1141 quum
1036 1056 1149 1147 eitam

7 1150 9 1187 ²
114 1162 583 1245 Ruhnkenionom,'noodom
596 1166 1145 1252 editam,partimsolusaitomane,

113 1280 229 1365 partim
244 1300 320 1343 oum
337 1278 407 1364 ipso
424 1280 579 1365 scriptore
594 1280 704 1367 legens
722 1293 754 1345 et
771 1281 876 1361 hunc,
893 1283 1031 1367 abrupta
1047 1283 1148 1347 inter⁴

114 1390 192 1457 dum
207 1392 365 1473 lectione,
388 1395 571 1458 suavissime
589 1394 629 1459 de
646 1393 861 1475 Ruhnkenio,
885 1395 926 1460 do
947 1395 1147 1465 Valckenae·

115 1507 185 1585 rio,
210 1505 251 1570 de
278 1528 334 1571 sua
355 1506 528 1591 juiontute
544 1518 724 1573 narrantem
741 1509 891 1590 audiens,
918 1509 1014 1575 horos
1030 1512 1147 1575 transi·

7 1694 8 1699 .
114 1621 212 1707 gebat
247 1619 341 1701 iilos,
378 1623 497 1708 quibus
531 1622 741 1707 jucundiores
771 1643 807 1687 oe
840 1642 899 1709 per
926 1635 1028 1690 totam
1048 1626 1148 1690 vitum

114 1736 292 1822 transigere
320 1750 384 1802 noo
409 1738 609 1803 meminerat.
623 1736 648 1826 1)
679 1736 1150 1825 (iujuamodi'opportnnitati-
1252 1762 1255 1767 ·

114 1851 174 1915 bus
195 1852 318 1915 nutrita
338 1851 546 1917 admiratione
564 1854 640 1933 viri,
666 1872 731 1941 quo
747 1855 853 1921 animo
869 1874 904 1918 se
918 1854 961 1919 ab
979 1876 1018 1919 eo
1036 1854 1148 1919 abesse

114 1964 232 2044 ierret,
257 1964 370 2031 literae
391 1961 557 2032 declarant
577 1967 689 2033 eodem
705 1988 789 2033 anno
806 1968 846 2033 ad
863 1966 1072 2037 Vaillautium
1087 1968 1146 2033 da·

114 2091 177 2146 tae.
220 2072 551 2167 «Wyttenbaohium,
588 2082 755 2147 doctorem
778 2094 889 2163 taum,
924 2082 1086 2170 quondam
1113 2092 1146 2147 et

7 2236 8 2275 p
114 2213 242 2275 meum,
274 2215 346 2261 meo
373 2197 501 2263 nomine
529 2197 641 2263 saluta.
673 2200 728 2261 Est
754 2210 830 2262 sane
857 2194 945 2283 quod
970 2197 1150 2263 toaeiori·‘

7 2350 8 2357 .
114 2308 206 2373 deam
234 2310 402 2390 felicitati,
435 2313 492 2400 qui
513 2332 587 2375 eum
605 2308 752 2400 quotidie
773 2314 878 2377 virum
903 2310 1032 2392 audias,
1050 2311 1145 2394 cujus

115 2434 242 2508 egomet
268 2438 301 2489 et
328 2427 445 2491 scholis
473 2436 504 2491 et
532 2448 593 2491 usu
618 2447 716 2512 qoam
742 2429 925 2514 aegerrime
950 2448 1055 2492 careo.
1089 2423 1146 2490 iist

114 2537 259 2623 proiecto
284 2541 339 2603 ille
369 2510 519 2626 antiquae
545 2543 671 2604 virtutis
699 2542 767 2619 vir,
802 2541 858 2626 qui
882 2540 965 2604 iilud
981 2534 1153 2604 assecutus

114 2663 183 2730 eet,
210 2651 298 2737 quod
317 2673 441 2739 semper
461 2655 494 2716 in
514 2654 608 2718 rebus
626 2651 775 2718 humanis
798 2652 1022 2718 difficillimum
1037 2664 1070 2717 ot
1083 2654 1148 2720 fuit

7 2751 9 2794 ³
114 2777 145 2829 et
161 2765 308 2830 habitum
329 2779 394 2847 est,
427 2779 465 2832 ut
485 2785 618 2852 magnus
638 2767 715 2831 iicet
734 2787 811 2832 com
829 2769 952 2854 ingenii
968 2768 1146 2834 subtilitate

7 2883 9 2944 i
113 2891 212 2966 atque
233 2883 398 2961 acumine,
423 2893 492 2946 tum
515 2880 653 2962 infinita,
678 2883 841 2968 quainter
857 2883 1020 2969 priooip'es
1037 2884 1143 2948 excel·

113 2994 169 3073 lit,
202 2994 367 3060 doctrinae
394 2996 507 3082 copia,
536 3007 642 3060 tamen
660 2998 766 3060 auimo
787 3017 851 3060 noo
873 2998 1001 3076 minuo,
1027 3009 1063 3063 ut
1082 2998 1143 3061 ilie

7 3095 8 3128 ³
114 3109 176 3188 ait,
200 3131 296 3194 quam
314 3111 444 3196 ingenio
461 3130 494 3175 sc
513 3110 674 3175 hominem
692 3124 760 3174 esse
780 3112 945 3196 praeclare
963 3110 1142 3198 intelligat3

7 3249 9 3284 t
114 3233 211 3308 atquo
237 3245 274 3286 ea
303 3223 343 3287 sit
368 3244 493 3288 morum
519 3227 689 3303 suavitate,
723 3230 967 3310 utquomque,
992 3224 1144 3290 honestae

115 3336 219 3410 laudis
246 3337 421 3422 cupidum,
453 3325 494 3403 ait
519 3357 612 3403 suum
641 3338 763 3402 alliciat
779 3359 874 3402 usum
891 3347 925 3401 et
944 3337 1144 3403 familiarita-

7 3473 9 3522 ;
114 3460 217 3517 tem.»
254 3489 292 3500 —
317 3451 404 3534 Quid
425 3450 549 3538 plara?
572 3450 701 3518 Crassus
722 3451 965 3540 Wytteobachii
988 3452 1143 3538 sequendi

115 3575 248 3645 auctor,
271 3566 413 3630 intimam
425 3565 552 3648 juvenis
572 3568 810 3653 persuasionem
828 3565 1036 3651 expresserat.
1059 3569 1144 3633 Huic

7 3723 8 3746 ι
115 3689 222 3743 eutem
249 3689 327 3769 tuno
353 3681 522 3766 apparuit,
555 3680 642 3766 quod
669 3680 738 3744 sub.
760 3683 842 3746 vitae
860 3679 975 3760 finem,
1000 3683 1144 3768 cognatis

115 3804 147 3858 ot
165 3793 276 3856 amicis
296 3793 336 3858 do
355 3817 389 3858 se
409 3793 549 3858 scribere
557 3815 745 3880 aggressus,
766 3795 1025 3880 gratusnotavit,
1045 3795 1143 3860 alium

115 3907 195 3986 sibi,
212 3907 311 3972 olium
329 3907 539 3987 Petraroirao,
556 3919 679 3994 patrem
690 3908 849 3995 obtigisse.
863 3908 1011 3973 Arduum
1023 3909 1144 3992 optimo
1196 3924 1198 3927 ·

117 4127 322 4140 υι-ι--κ

150 4265 178 4333 1)
198 4267 284 4334 Epist.
301 4267 337 4318 od
352 4265 446 4318 Creon.
465 4284 489 4333 p.
509 4266 550 4316 11.
