2875 5075
621 520 686 582 215

140 689 335 755 moribunda
349 710 366 751 u
377 700 454 755 tu-
464 691 665 775 inquit-mi
678 690 746 769 fili,
768 688 885 776 gaudie
906 710 957 753 me
972 692 1164 771 cumulasti,

138 804 196 868 tud
218 804 313 893 causd
331 796 434 867 nullas
449 824 601 890 umquam
621 806 776 890 lacrymas
793 803 893 869 emisi.
905 826 922 866 o
947 804 1071 869 Pariter
1090 826 1165 869 cum

139 918 280 982 caritatis
312 916 544 1003 significatione
570 917 704 1001 juvenes
734 916 951 1003 loquebantur
981 919 1009 981 ei
1039 919 1164 999 intimi,

138 1031 291 1096 addentes
313 1052 426 1115 saepe,
448 1052 481 1095 se
508 1032 685 1117 plurimum
711 1030 932 1116 condiscipulo
957 1052 1015 1095 sne
1034 1031 1165 1100 debere.

138 1144 256 1209 Leidae
284 1146 472 1231 praesertim
507 1147 666 1210 neminem
696 1166 735 1209 eo
762 1166 854 1210 usum
882 1145 1072 1209 familiarius
1100 1168 1169 1211 esse

140 1255 281 1345 accepis
297 1280 395 1344 quam
421 1260 609 1327 Vaillantios
637 1261 761 1325 fratres.
808 1260 930 1323 llorum
962 1259 1043 1323 alter
1070 1260 1166 1326 Corn.

136 1371 256 1438 Reiub.
282 1394 308 1437 a.
328 1374 415 1437 tene
435 1372 558 1436 absenti
577 1374 680 1438 amico
699 1372 877 1450 scribebat,
903 1393 989 1459 quae
1006 1374 1167 1457 praesenti

140 1485 248 1551 dicere
264 1486 560 1564 verecundabatur,
581 1488 694 1574 quanti
713 1509 788 1550 eum
802 1487 941 1564 laceret,
958 1497 1078 1571 quanta
1097 1486 1167 1570 ejus

139 1601 172 1663 in
195 1622 229 1663 se
250 1600 363 1664 merita
384 1611 544 1681 censeret,
568 1622 669 1688 quum
691 1601 786 1665 amici
809 1601 1070 1686 praestantissimi
1089 1622 1170 1665 con·

139 1714 328 1793 suetudine,
355 1715 518 1799 exemplo,
549 1713 632 1794 fide,
658 1714 802 1780 consiliis
828 1714 863 1777 in
893 1714 1081 1799 cognitione
1100 1716 1168 1794 sui,

138 1830 173 1894 iu
195 1828 302 1915 pulcri
330 1829 473 1914 bonique
499 1850 606 1893 amore
639 1849 825 1915 progressus
850 1828 997 1908 lecisset,
1027 1829 1059 1891 iu
1085 1830 1168 1893 riam

139 1945 269 2008 omnino
287 1943 423 2005 venisset
442 1962 475 2005 se
496 1943 596 2029 magis
616 1944 784 2029 magisque
808 1941 976 2007 excolendi
993 1940 1110 2005 deinde
1137 1954 1170 2007 et

140 2056 341 2145 emendandi.
375 2056 466 2138 Quae
495 2056 553 2119 ille
575 2056 702 2140 juvenis
730 2057 909 2135 statuebat,
933 2068 1022 2145 recte
1048 2078 1081 2119 se
1107 2067 1170 2120 sta·

140 2174 238 2237 tuisse
254 2170 339 2235 virili
359 2180 463 2235 aetate
490 2170 677 2249 affirmavit,
703 2170 784 2235 nibil
804 2172 838 2233 in
864 2170 926 2235 bac
946 2170 1106 2234 amicitiae
1127 2171 1170 2234 si-

139 2286 344 2374 gnificatione
362 2285 454 2349 fratri
475 2265 592 2349 cedens
603 2296 680 2349 natu
699 2282 832 2368 majori,
846 2285 923 2372 qui,
936 2285 1019 2347 lecta
1035 2283 1170 2349 Heusdii

70 2382 73 2387 ¹
139 2399 186 2464 nd
209 2399 416 2464 Cremeram
427 2397 612 2483 Epistola,
634 2400 668 2462 in
686 2398 909 2463 dulcissimum
929 2419 963 2463 se
979 2397 1171 2462 translatum
1246 2462 1248 2467 .

139 2534 208 2598 esse
231 2524 355 2599 tempus
372 2512 554 2592 scribebat,
579 2533 644 2598 quo
668 2512 829 2599 quidquid
853 2522 886 2575 et
909 2512 951 2576 ab
972 2514 1076 2577 amico
1099 2522 1131 2575 et
1151 2533 1169 2577 a

138 2627 302 2692 communi
322 2623 490 2712 utriusque
516 2637 745 2712 praeceptore,
770 2625 1043 2712 Wyttenbacbio,
1068 2627 1170 2691 susci·

137 2751 246 2828 peret,
265 2741 432 2827 ingenium
449 2741 549 2825 ipsius
569 2742 778 2827 animumque
794 2741 979 2805 reborarett
1003 2740 1065 2804 sibi
1081 2740 1170 2806 illam

138 2854 403 2922 consuetudinem
421 2875 598 2942 numquam
623 2857 729 2920 auimo
749 2855 932 2933 obversari,
957 2855 1037 2941 quin
1054 2856 1169 2941 gratis·

138 2971 235 3034 simus
254 2989 323 3034 cam
343 2969 377 3033 in
398 2971 533 3034 maxima
554 2970 688 3035 referret
706 2969 789 3034 ritae
806 2949 882 3034 suae
901 2969 996 3035 bona.

182 3085 247 3166 Qui
275 3103 352 3147 rere
377 3104 394 3147 e
420 3082 636 3149 laudabilibus
666 3085 825 3169 pueritiae
851 3096 883 3147 et
901 3082 1079 3166 juventutis
1102 3078 1170 3167 pri·

139 3196 269 3262 mordiis
298 3197 339 3262 de
357 3197 427 3261 aliis
456 3197 538 3260 bene
568 3197 736 3282 sperabat,
769 3196 875 3282 qualis
900 3197 978 3261 ciris
999 3195 1075 3259 hinc
1100 3196 1171 3279 ipse

138 3311 267 3376 tandem
285 3309 428 3396 prodiit?
460 3311 547 3374 llaec
565 3331 635 3396 qno
653 3311 780 3396 gravior
801 3322 849 3375 est
865 3311 1031 3397 quaestio,
1057 3330 1095 3372 eo
1111 3330 1171 3394 pa·

138 3427 271 3492 ratior'es
289 3447 345 3490 uos
363 3424 506 3489 adillam
525 3425 747 3509 explicandam
759 3425 869 3489 venire
888 3434 1024 3509 oportet.
1048 3423 1170 3505 Quam·

136 3541 250 3606 ‚obrem
278 3549 351 3603 aute
371 3538 464 3623 juvat
491 3537 697 3604 domesticam
726 3550 872 3623 spectare
893 3537 1026 3602 lleusdii
1053 3537 1179 3616 vitam3-

139 3656 191 3720 cui
210 3664 376 3740 praeterea
394 3653 477 3716 ritae
503 3653 610 3718 nescio
637 3674 677 3718 an
701 3653 820 3718 arctior
835 3652 1047 3738 plerumque,
1070 3669 1170 3736 quam

138 3768 232 3833 multi
242 3776 371 3853 putant,
389 3787 464 3830 cum
474 3766 636 3851 superiore
647 3777 751 3832 aetate
761 3764 941 3830 intercedat
952 3763 1167 3832 necessitudo.

184 3883 355 3969 Postquam
376 3881 534 3945 Heusdius
559 3880 698 3964 Trajecti
725 3902 821 3966 snpra
851 3879 1016 3944 biennium
1041 3878 1169 3942 caelebs

139 3996 288 4085 degerat,
319 3995 410 4075 iniit,
441 3995 528 4082 quod
560 4006 633 4060 ante
656 3995 846 4074 memorari,
872 3991 1110 4058 matrimonium
1121 3987 1167 4078 ¹),

140 4139 340 4154 W

175 4231 201 4295 1)
219 4232 275 4281 vie.
295 4245 369 4298 snpra
386 4247 411 4298 p.
427 4229 469 4280 82.
