2875 5075
116 681 337 749 tantummodo
356 694 412 748 aut
427 682 649 762 illustrentur,
667 680 723 747 sed
739 704 849 751 revera
864 684 1013 771 legantur
1033 686 1143 751 nobis-

16 812 17 823 *
116 820 210 877 cum,
234 797 272 862 fit
299 797 447 875 omnino,
479 795 567 883 quod
590 797 726 883 scriptor
752 798 908 883 spectavit
927 801 1084 881 maxime,
1109 813 1146 866 ut

115 934 173 999 per
201 913 320 978 Initio
345 910 465 977 haecce
482 910 559 997 ipsis
575 910 716 977 Platonis
735 912 834 977 sacris
851 912 1024 980 initiamur.
1057 914 1145 980 Gra·-

115 1026 281 1106 vissimae,
304 1036 342 1090 ut
362 1024 425 1090 hoe
449 1036 542 1104 utar,
575 1023 615 1089 de
638 1022 810 1111 μαιευτικῇ
830 1036 905 1090 sunt
923 1037 956 1090 et
975 1028 1145 1094 dialectica

16 1172 17 1181 ¹
114 1138 452 1226 disputationes,sed,
464 1138 504 1203 ad
516 1150 687 1225 utramque
698 1138 971 1225 perspiciendam,
989 1153 1146 1228 quantum

115 1266 163 1320 est
182 1264 380 1319 momentum
397 1254 559 1319 Socratem
576 1255 681 1339 ipsum
696 1252 868 1333 audiendi,
892 1255 1025 1321 alteram
1044 1278 1145 1343 genc-
1210 1265 1213 1268 ‘

116 1368 194 1433 rosis
217 1368 328 1433 amicis
354 1366 577 1447 adhibentem,
604 1388 717 1431 rerum
742 1368 961 1454 inquirentem
985 1368 1088 1433 alteri
1114 1360 1147 1433 ct

16 1512 18 1525 ·
115 1482 634 1569 quasivenautcmllnpeculiarcs
642 1481 714 1547 illas
723 1481 858 1577 virtutes
866 1493 1032 1568 practerea
1040 1483 1146 1549 refero

115 1597 303 1661 conducam
320 1595 581 1682 disquisitionnm
599 1596 873 1681 progressionem,
889 1596 991 1683 ipsius
1009 1595 1147 1662 hominis

16 1748 17 1795 3
115 1711 360 1777 convenientem
386 1711 420 1775 in
443 1708 684 1796 progrediundo
702 1711 839 1791 rationi,
863 1734 929 1776 non
946 1722 1071 1777 mutum
1094 1712 1146 1777 ri-
1258 1771 1264 1782 .
1355 1708 1359 1718 ’

16 1802 17 1827 l
114 1844 228 1911 goram
249 1834 282 1887 et
301 1824 402 1891 veluti
428 1825 525 1889 ritam
544 1824 603 1889 toti
621 1825 710 1910 operi
729 1825 975 1906 conciliantem,
1000 1826 1056 1892 sed
1072 1827 1147 1914 ple-

16 1930 17 2017 l
114 1960 192 2003 nam
209 1939 340 2023 insuper
364 1936 577 2019 indiciorum,
602 1939 738 2025 quaein
763 1940 847 2005 riam
872 1938 993 2007 ducant
1009 1940 1146 2007 hominis

22 2032 27 2093 Ῐ
114 2062 206 2119 recte
240 2052 429 2133 excolendi,
460 2052 749 2141 philosophiaeque
774 2052 815 2120 ad
844 2054 999 2139 majorem
1029 2056 1145 2135 edam,

114 2188 215 2254 quam
247 2188 331 2254 quac
355 2167 480 2234 Platoni
507 2167 754 2259 obversabatur,
776 2168 865 2233 illius
891 2170 1028 2233 salutem
1051 2167 1147 2234 adhi-

113 2279 254 2348 bendae.
285 2282 347 2347 llic
367 2292 479 2369 sponte
496 2282 530 2346 in
550 2292 690 2347 mentem
708 2284 795 2348 veuit
817 2283 1006 2349 dialecticae
1028 2284 1147 2349 Socra-
1228 2260 1239 2279 ⁶

16 2466 17 2471 γ
113 2397 225 2476 ticae,
249 2396 452 2477 Platonicae,
479 2397 688 2463 Aristotcleae
714 2398 1022 2478 characterismus,
1046 2399 1147 2483 ipsius

113 2509 215 2575 etiam
235 2507 401 2576 declarem
421 2511 543 2598 ingenii
561 2510 694 2576 humani
715 2511 749 2575 in
775 2509 882 2576 studio
908 2510 1049 2576 veritatis
1068 2533 1149 2598 pro-

112 2623 335 2712 gressionem,
368 2634 400 2687 et
428 2625 628 2712 singularum
661 2623 903 2706 methodorum,
932 2612 1145 2706 inductionis,

112 2738 302 2824 analysens,
321 2738 537 2826 syllogisticae
555 2761 711 2804 summam
730 2739 1043 2835 explicans'singulis
1058 2749 1148 2806 aeta-

117 2852 209 2918 tibus
241 2864 450 2918 momentum.
463 2850 490 2940 1)
542 2854 691 2920 Attamen
704 2833 706 2840 ¹
721 2875 787 2920 non
816 2865 882 2920 um
911 2853 996 2922 banc
1019 2856 1148 2921 illamve

116 2965 387 3053 disputationem,
415 2987 511 3053 quam
536 2988 664 3034 omnem
689 2967 834 3055 significo
852 2971 957 3056 operis
980 2964 1147 3037 rationem.

118 3079 216 3166 Quod
253 3082 338 3147 enim
372 3079 530 3146 Heusdius
556 3082 648 3147 initio
677 3079 817 3163 dixerat,
857 3105 890 3146 se
915 3081 1148 3169 philosophiam

118 3196 359 3283 pulcri,.veri,
378 3195 458 3279 justi
483 3195 634 3281 deinceps
657 3207 886 3281 exponentem,
910 3196 1076 3262 Platonico
1094 3199 1148 3262 in-

120 3311 218 3397 genio
243 3311 470 3376 convenienter
494 3310 656 3374 iacturum
687 3331 770 3389 esse,
797 3309 831 3374 id
856 3330 914 3396 per
937 3321 1042 3375 totum
1069 3331 1148 3396 opus

121 3423 291 3520 ostendere
315 3436 467 3506 conatur,
490 3447 550 3518 nec
574 3424 735 3490 immerito
760 3423 889 3489 tandem
905 3424 1145 3506 animadvertit,

119 3550 321 3626 quantopere
349 3539 410 3625 ipsi
429 3540 562 3628 ¹iugenio
586 3539 728 3606 humano
750 3540 886 3627 ejusque
915 3540 1150 3627 insapientiae

121 3655 173 3719 tia
190 3655 406 3742 progressioni
423 3654 486 3720 hoc
504 3666 753 3734 consentaneum
772 3655 823 3723 sit.
836 3651 864 3743 θ)

170 3767 258 3834 llaec
278 3770 490 3859 perpendenti
516 3767 596 3836 mihi
617 3792 681 3836 nou
708 3770 827 3836 nimiae
852 3768 999 3835 videntur
1022 3767 1149 3850 laudes,

164 4171 191 4238 1)
209 4174 272 4225 ress.
290 4177 332 4241 11,
350 4175 382 4242 2,
401 4171 452 4226 15⁷
466 4191 522 4242 sqq.

162 4259 190 4326 2)
210 4261 277 4312 nos.
295 4263 321 4328 1,
339 4260 374 4313 ⁷2
387 4263 476 4326 still,
496 4261 539 4314 tt.
