2875 5075
771 489 814 552 te

276 662 499 749 perspiciebat.
542 659 580 725 ld
615 661 779 727 fatebatur
803 659 1022 746 paucissimis,
1068 679 1144 723 cum
1173 680 1307 724 suarum

274 777 377 841 termo
409 776 576 841 literarum
604 773 807 856 ¹laudatione;
838 774 959 861 quibus
978 771 1110 852 auditis,
1131 772 1306 852 Rosobius,

278 890 355 973 «eja
380 924 416 939 -
437 888 542 973 ajebat
568 922 604 937 -
618 900 654 953 tu
672 907 850 976 pergequo
864 888 1018 973 coepisti,
1036 885 1307 973 legepraesertim

275 1004 450 1070 Homerum
470 1014 502 1069 et
517 1003 703 1068 Horatium:
726 1001 835 1067 triduo
854 1001 966 1067 bercla
986 1013 1018 1066 te
1032 1002 1145 1069 JGtum
1163 1001 1307 1087 profiteri

274 1121 437 1207 poterist»
456 1116 726 1207 wyttenbachius
741 1138 838 1197 vero,
863 1117 950 1182 abac
964 1128 1090 1202 tempus
1103 1152 1140 1165 -·
1154 1117 1262 1205 inquit
1274 1150 1308 1165 ·-

273 1231 359 1318 justo
376 1233 521 1312 brevius,
539 1252 600 1296 neo
615 1232 729 1298 Cicero
749 1231 831 1297 serio
848 1230 976 1297 locutm
1000 1241 1070 1310 est,
1094 1230 1150 1296 sed
1170 1249 1308 1318 sequere

273 1349 457 1436 ingenium:
482 1348 532 1412 sui
549 1348 669 1436 cuique
687 1368 793 1413 mores
810 1346 939 1433 fingunt
953 1348 1155 1412 fortunamzo
1179 1346 1308 1411 amico·

274 1483 346 1527 rum
363 1462 504 1550 donique
523 1461 769 1548 integerrimus,
786 1461 971 1541 Stratenus,
997 1479 1140 1547 queem
1151 1461 1307 1545 ipseetiu

274 1576 344 1641 aliis
362 1576 470 1642 multis
487 1587 520 1640 et
538 1577 571 1639 in
583 1574 709 1659 judicio
732 1576 951 1641 consentiebat
960 1573 1002 1638 de
1015 1594 1184 1640 causuum
1200 1586 1309 1659 patro·

274 1692 379 1770 cinio,
412 1691 471 1755 etsi
488 1692 522 1754 in
541 1710 600 1769 re,
623 1690 709 1777 patri
726 1690 923 1778 gratissima,
946 1689 1015 1753 iiiio
1035 1688 1214 1777 quidquam
1233 1710 1307 1754 sua-

273 1806 353 1871 dere
380 1826 445 1869 non
472 1804 628 1886 auderet,
641 1856 648 1872 .
660 1805 769 1871 literas
788 1816 897 1870 tamen
911 1804 998 1870 baud
1017 1802 1234 1871 dissuadebat.
1268 1805 1306 1868 ln

274 1919 324 1984 bis
340 1919 441 2005 igitur
459 1918 635 1999 Heusdius,
659 1918 767 1984 divino
783 1919 875 2006 quusi
889 1918 1013 2005 impetu
1029 1916 1172 1998 afflatus,
1195 1917 1307 1984 eadem

274 2054 370 2120 porro
386 2033 552 2120 diligentis
564 2033 766 2113 versabatur,
783 2035 891 2098 animo
901 2043 1009 2097 umen
1019 2033 1158 2098 sollicito
1168 2032 1306 2098 subinde

275 2159 308 2212 et
323 2150 435 2228 anxio,
457 2149 538 2212 acsi
559 2168 669 2233 reapse
690 2148 832 2214 officium
850 2167 947 2212 suum
965 2146 1137 2213 desereret
1169 2148 1306 2231 Quoties

274 2264 309 2327 in
325 2262 516 2327 Petrarcbae
536 2262 723 2328 memoriam
741 2262 886 2343 redibat,
917 2262 1104 2330 Ciceronem
1124 2282 1220 2327 suum
1239 2273 1308 2327 stu·

274 2376 451 2442 diesissinre
471 2374 629 2463 legentis,
661 2397 763 2463 quum
784 2388 895 2463 pater,
931 2374 1217 2461 jurisprudentiam
1239 2376 1306 2441 filio

275 2491 469 2573 obtrudens,
503 2492 591 2558 bunc
617 2493 806 2579 necopinato
824 2491 1001 2571 invisebat,
1022 2502 1074 2570 et,
1093 2490 1176 2556 tristi
1192 2490 1307 2557 ardore

276 2605 449 2692 abreptus,
478 2607 556 2672 istos
585 2608 746 2674 Ciceronis
773 2607 873 2672 libros
897 2607 932 2670 in
956 2608 1076 2692 ignem
1097 2606 1309 2690 conjiciebat!

276 2722 398 2790 Verum
424 2719 481 2784 ubi
507 2721 642 2784 maxime
667 2721 727 2785 sibi
754 2722 824 2806 ipse
847 2720 1059 2805 displicebat,
1092 2741 1130 2786 ex
1145 2722 1309 2806 insperato

276 2835 557 2901 commutabantur
575 2836 691 2901 omnia.
725 2835 818 2900 Anno
834 2835 920 2899 enim
935 2857 955 2899 a
971 2834 1215 2922 Wyttenbacbii
1234 2857 1309 2920 pro·

275 2950 414 3015 tectione
439 2960 572 3029 exacto,
603 2949 736 3014 Heusdii
763 2961 853 3035 pater
878 2949 1150 3016 Amstelodsmum
1169 2950 1309 3014 renitet

276 3061 424 3129 Crassum
442 3066 477 3130 iu
494 3065 605 3150 primis
617 3063 789 3132 salutatum
801 3063 891 3131 adiit.
915 3061 1074 3130 Continuo
1085 3064 1142 3128 ille
1151 3085 1309 3150 quaerere

276 3179 317 3244 de
347 3176 434 3258 filio,
473 3179 528 3244 bic
558 3190 758 3264 praesentem
781 3176 977 3264 discipulum
1000 3178 1128 3243 modice
1156 3178 1306 3244 laudarer

276 3303 344 3358 tum
364 3303 492 3378 rugatus
506 3292 624 3380 ecquid
630 3292 757 3376 juvenis
768 3291 941 3378 aliquando
957 3292 1064 3374 fieret,
1091 3315 1109 3356 a
1119 3292 1200 3358 nibil
1217 3315 1309 3380 pror·

275 3427 330 3472 sus
352 3443 388 3456 -
403 3408 509 3491 ajebat
526 3405 656 3472 Crassus
674 3443 710 3456 -
721 3409 781 3471 nisi
800 3407 1000 3474 literatos.-
1018 3428 1188 3472 causarum
1199 3420 1309 3493 patro·

276 3521 361 3585 einio
392 3522 579 3607 neutiquam
610 3531 702 3608 aptus
725 3532 772 3585 est
790 3531 824 3586 et
841 3521 930 3609 quod
949 3542 1083 3587 munera
1102 3524 1219 3588 attinet
1233 3543 1308 3588 cnm

276 3637 320 3700 rei
357 3635 510 3721 publicae
542 3635 814 3702 administratione
831 3637 1022 3722 conjunctu,
1055 3635 1142 3730 baud
1162 3635 1237 3701 nori
1255 3637 1308 3700 ul·

275 3749 343 3814 lum
360 3751 414 3814 cui
428 3767 503 3814 eum
520 3751 634 3816 merito
650 3749 866 3816 destinemus:
891 3751 947 3816 ssd
963 3751 1004 3816 da
1020 3753 1050 3816 ei
1062 3751 1145 3816 banc
1159 3752 1302 3828 renum,

275 3874 312 3927 ut
334 3862 621 3950 Wyttenbacbinm
649 3875 842 3950 sequatur.»
867 3901 907 3914 -
939 3867 1008 3930 itoo
1025 3865 1159 3931 verbum
1172 3865 1306 3949 juveni,
1418 3882 1419 3889 ’

275 3996 374 4061 supra
390 3973 487 4064 quam
505 3979 657 4064 cuiquam
675 3977 852 4059 credibile,
869 3989 995 4064 gratum
1014 3989 1095 4046 erat.
1116 3980 1196 4044 Nam
1211 3979 1307 4066 wyt-

233 4171 237 4180 Ι
275 4087 482 4156 tenhacbium
499 4113 623 4178 semper
641 4093 812 4180 cogitabat.
844 4094 939 4158 Hunc
957 4092 1045 4180 quod
1064 4115 1129 4158 non
1147 4094 1307 4179 extemplo

276 4215 509 4284 montmoret,
540 4208 574 4270 in
598 4225 635 4270 eu
652 4207 753 4292 patris
768 4207 855 4291 apud
878 4207 983 4292 ipsum
1001 4209 1146 4272 valuerat
1165 4209 1306 4272 auctori·
