2875 5075
634 532 697 595 231
762 580 765 585 .

148 706 264 771 mentis
288 714 424 792 quantos
451 704 575 771 fruetus
599 692 759 769 lleusdius
788 703 928 788 ceperit,
961 704 1177 785 conjicerem

147 821 250 906 ipsius
270 817 349 883 adeo
368 838 513 883 errorum
533 839 664 885 suorum
683 818 985 883 commemoratione
1006 818 1091 883 lieet.
1116 818 1176 883 Ex*

146 935 270 1001 eellens
289 934 323 997 in
342 954 380 997 eo
398 932 564 1019 ingenium
574 943 749 1019 agnoverat
760 931 1045 1018 wyttenbachius,
1061 942 1178 997 eontu-

8 1100 12 1111 .
148 1048 252 1136 litque
267 1048 300 1111 in
311 1068 387 1111 eum
397 1057 486 1111 retus
495 1046 594 1111 illud:
612 1049 703 1112 iisset
714 1050 806 1111 enim
816 1046 1178 1132 maureptitoeoptta

148 1165 190 1227 ies
207 1162 313 1249 liujus
327 1164 402 1225 oiri
420 1172 529 1225 mose
548 1161 722 1247 quaedum
734 1158 760 1246 ¹)
797 1162 876 1226 llira
899 1161 1066 1247 ingenium
1094 1160 1177 1227 illud

146 1276 302 1343 facilitate
324 1286 356 1343 et
377 1276 554 1340 constantia
580 1275 818 1344 intendebatur.
851 1276 944 1358 Quae
971 1274 1102 1339 aliunde
1122 1296 1178 1339 ae.

78 1378 87 1393 ⁵
147 1400 296 1477 separat,
315 1391 360 1453 ita
377 1389 561 1455 elaborabat
573 1401 608 1455 at
629 1412 687 1455 sua
703 1390 838 1469 fierent,
856 1411 965 1476 neque
984 1410 1079 1475 aegre
1097 1411 1178 1454 nova
1246 1458 1254 1471 ‚

147 1526 261 1592 parere
279 1503 459 1575 ridebatur.
491 1502 589 1587 Cujus
601 1506 648 1569 rei
666 1504 838 1570 etaeholae
856 1504 990 1601 Heusdii
1008 1516 1040 1568 et
1059 1504 1177 1587 scripta

144 1630 223 1685 sunt
252 1618 383 1685 indicio.
429 1617 493 1683 Sed
520 1619 686 1683 infertile
717 1620 901 1706 ingenium,
932 1618 1076 1683 nondum
1102 1617 1176 1683 satie

144 1734 299 1820 explicito
327 1745 426 1819 atque
454 1732 579 1797 firmato
613 1734 680 1798 rari
710 1755 837 1812 amore,
872 1735 958 1799 saria
989 1735 1176 1819 opinionum

143 1858 326 1917 commenta
356 1840 497 1927 eadunt,
528 1847 690 1933 aquibus
721 1848 776 1912 alii
803 1848 900 1913 iaeils
926 1849 1097 1914 abstinent.
1137 1850 1176 1913 lit

146 1962 307 2029 lleusdius
320 1960 459 2045 juvenili
475 1973 580 2026 aetate
596 1961 694 2031 nimia
720 1974 833 2048 eaptus
853 1963 960 2029 iuerat
975 1963 1176 2049 antiquitatis

143 2077 366 2143 admiratione.
416 2078 521 2141 Noetu
548 2089 646 2164 atque
676 2078 818 2143 interdiu
855 2090 978 2143 veteres
1012 2078 1174 2164 cogitans,

144 2188 648 2278 Wyssmtoetttdieospotoes)
668 2169 794 2257 Latium
803 2194 981 2257 somniabat
997 2205 1030 2257 et
1042 2195 1176 2257 Romam

142 2317 178 2371 et
206 2306 315 2371 villam
343 2308 466 2375 Horatii
493 2318 527 2371 et
553 2304 716 2373 Ciceronis
754 2308 993 2387 Tusculanum,
1028 2319 1061 2371 et
1090 2307 1174 2371 orbis

90 2411 98 2433 l
143 2420 272 2507 antiqui
309 2421 398 2491 salut
420 2422 542 2506 patriae
571 2442 647 2485 suae
674 2421 834 2487 desiderio
865 2422 1045 2489 tenebatur.
1087 2412 1175 2486 Nihil

142 2558 358 2623 magnopere,
378 2537 438 2602 nisi
455 2535 542 2624 quod
554 2537 724 2624 antiquum
735 2549 833 2618 esset,
845 2537 996 2622 puleium
1013 2539 1174 2609 bonumve

140 2650 299 2730 babebat,
324 2650 408 2716 susle
440 2672 550 2716 seeum
576 2664 685 2717 aetum
710 2663 845 2736 putans,
879 2651 966 2738 quod
991 2651 1051 2716 lsoe
1073 2673 1172 2732 aeas,

143 2766 206 2829 laos
229 2765 312 2829 inter
339 2766 489 2830 mortales
521 2767 583 2830 sihi
612 2766 784 2833 visendum
811 2777 891 2832 erat.
941 2767 1172 2854 Quaemmqus

141 2903 258 2967 paruus
280 2881 454 2946 laudabilia
474 2881 687 2947 occurrebant
706 2893 850 2949 aeterum
866 2882 966 2961 heta,
987 2893 1042 2947 aut
1057 2881 1170 2968 depel-

141 2997 210 3062 lere
229 2995 397 3062 molestam
421 2981 535 3060 eorum
561 2998 788 3083 ospitationem
815 2985 1009 3078 conabatur,
1032 3008 1090 3061 aut
1114 3019 1171 3082 pa·

140 3121 211 3176 rats
235 3111 479 3197 qualiacumque
506 3109 636 3176 tandem
654 3112 818 3176 excusatio
840 3123 922 3176 erat.
955 3113 995 3175 Et
1017 3113 1043 3174 si
1062 3113 1170 3196 putari

141 3225 305 3290 rideretur
331 3226 363 3288 in
392 3225 572 3305 Gieeronis,
603 3225 637 3288 in
665 3224 806 3288 Platonis
834 3227 893 3288 aui
918 3225 1044 3311 seriptis
1071 3237 1170 3310 atque

137 3339 343 3426 philosophia
364 3361 429 3404 nen
449 3350 557 3404 mmen
574 3339 670 3426 plane
693 3338 824 3419 deesse,
849 3360 932 3425 quae
956 3337 1169 3426 improbares,

138 3453 174 3520 ld
195 3476 273 3519 sero
301 3475 397 3542 aegre
431 3454 566 3520 ferebat.
612 3453 769 3534 Omnino,
799 3464 836 3518 ut
860 3453 960 3539 ipsius
989 3454 1094 3518 serbis
1119 3453 1171 3518 di·

136 3591 229 3650 eam,
254 3565 362 3636 seratis
382 3582 451 3635 erat
473 3569 657 3655 phantasiae
680 3591 757 3634 suae
781 3578 813 3633 at
836 3569 1072 3634 ludificantium
1097 3570 1168 3652 ejus

136 3697 279 3766 mentem
309 3686 508 3770 opiniomnn.
548 3684 611 3750 Sed
640 3685 706 3749 aeri
732 3705 823 3749 amor
842 3705 919 3748 eam
945 3685 1076 3749 meliora
1097 3696 1168 3748 tun

135 3800 180 3864 do
207 3819 286 3864 aare
309 3819 366 3868 suo
398 3812 469 3870 tum
483 3798 528 3864 de
554 3799 745 3888 antiquitate
772 3799 885 3866 doeuit
911 3811 945 3864 et
965 3821 1039 3864 sero
1066 3799 1167 3864 vindi·

149 4035 353 4044 naam

175 4186 201 4253 1)
221 4187 277 4240 Vid.
297 4207 372 4256 supas
389 4208 413 4255 p.
431 4189 464 4240 33
482 4195 509 4238 et
527 4189 597 4239 aits.
614 4189 678 4242 Cra't,
699 4191 752 4254 ΙΙΙ,
772 4190 804 4252 3,
822 4189 863 4239 67.

169 4272 201 4338 Ἢ
220 4275 255 4325 Gi.
273 4278 379 4326 omnino
398 4278 483 4341 Epist.
499 4277 534 4326 od
547 4276 640 4329 cros.
660 4293 684 4341 p.
706 4276 739 4326 35
754 4295 807 4340 seq.
