2875 5075
748 593 814 655 250

255 764 424 828 invisendi
443 764 631 848 cupidinem
651 776 683 828 et
704 765 873 828 maximam
891 763 989 829 luisse
1007 764 1141 829 miratur
1161 776 1194 828 et
1220 786 1297 827 cau-

267 900 333 941 sam
359 877 514 941 exstitisse
534 879 743 964 praecipuam
768 879 890 942 itineris
912 879 1132 964 Gtsttingensis
1154 900 1184 943 a.
1211 880 1297 942 1824
1337 932 1346 940 .

267 992 432 1076 suscepti?
459 993 566 1055 -lnter
608 991 664 1057 hos
709 993 895 1057 duumviros
937 1013 956 1055 <t
964 994 990 1055 is
1018 1003 1087 1055 erat
1118 990 1299 1057 animorum

267 1128 457 1185 consensus,
492 1117 528 1169 ut
560 1116 691 1185 mutua,
725 1128 810 1193 quae
838 1105 914 1169 inde
943 1106 1126 1192 prodierat,
1158 1106 1298 1169 amicitia

267 1221 413 1285 Haereno
446 1240 550 1305 nsque
586 1220 626 1284 ad
667 1221 791 1285 cineres
819 1219 974 1285 duratura
1000 1220 1216 1285 rideretur.»
1258 1222 1299 1284 Et

266 1336 462 1402 Crenaernm
483 1356 577 1398 snum
603 1356 621 1397 a
645 1333 878 1418 jucundissima
905 1334 981 1398 indo
1006 1357 1034 1399 a.
1063 1336 1149 1398 1809
1180 1334 1297 1399 saluta-

268 1451 354 1513 tione
373 1448 555 1531 Trajectina
574 1450 761 1535 cognitum,
783 1472 822 1512 eo
839 1448 984 1513 crebrius
1006 1450 1177 1513 convenire
1194 1450 1298 1512 Heus·

267 1561 338 1629 di'us
356 1564 476 1650 potuit,
499 1584 564 1649 quo
592 1563 717 1649 saepius
742 1563 777 1626 in
798 1565 955 1627 tractibus
971 1563 1133 1627 Rhenanis
1155 1584 1298 1627 commo-

267 1700 339 1742 rans
362 1677 609 1764 Heidelbergam
640 1676 731 1741 adiit.
777 1676 840 1741 Sed
863 1699 1072 1764 quocumque
1097 1676 1297 1756 tetenderat,

267 1793 364 1856 nullis
383 1815 401 1855 o
420 1793 498 1856 locis
519 1803 643 1856 tantum
668 1802 700 1855 et
716 1790 872 1856 redeundi
895 1791 976 1855 illuc
998 1803 1031 1855 et
1056 1794 1150 1877 plura
1166 1791 1299 1855 ridendi

267 1906 462 1971 desiderium
480 1908 775 1994 attulit,quantum
793 1930 830 1971 ex
847 1908 1010 1987 Helvetia,
1028 1931 1057 1975 a.
1082 1910 1167 1972 1828
1181 1909 1300 1993 partim

267 2022 410 2088 lustrata.
452 2022 555 2105 Hujus
586 2022 725 2108 regionis
758 2022 954 2108 singularem
984 2022 1079 2107 plane
1107 2023 1142 2085 in
1171 2044 1210 2085 eo
1236 2024 1300 2085 vim

266 2138 362 2201 luisse
381 2158 453 2201 mox
466 2135 715 2222 Epistularum
726 2135 904 2223 Epilogus
920 2137 1116 2215 testabatur,
1137 2136 1213 2200 dein
1232 2159 1300 2200 ser-

266 2272 375 2313 mones
403 2250 472 2333 ejus
495 2266 652 2337 perpetuo
676 2251 918 2317 confirmarunt.
960 2251 1088 2333 Quibus
1113 2253 1141 2315 si
1169 2250 1299 2315 tandmn

266 2366 299 2429 in
333 2364 443 2429 ltaliae
481 2366 677 2429 mentionem
712 2365 890 2444 incideret,
924 2367 1100 2451 apparebat
1132 2366 1297 2451 prolecto,

267 2491 388 2567 quanto
412 2480 461 2544 rel
486 2480 664 2566 particulae
692 2480 819 2567 antiqui
840 2480 926 2545 orbis
955 2479 1111 2545 ridendae
1139 2480 1299 2566 coeloque

267 2595 336 2678 ejus
359 2594 487 2660 fruendi
510 2594 669 2660 desiderio
698 2606 873 2661 teneretur.
917 2596 1039 2663 Verum
1068 2596 1130 2660 alia
1158 2617 1196 2658 ex
1226 2595 1298 2659 aliis

265 2709 494 2794 impedimenta
520 2710 691 2795 quotannis
727 2731 803 2774 eum
833 2710 874 2774 ab
901 2711 1016 2774 itinere
1048 2710 1146 2796 paulo
1170 2710 1298 2774 diutur-

266 2823 357 2886 niore
375 2823 575 2906 rejiciebant.
611 2823 754 2888 Tandem
774 2825 900 2888 aestivis
929 2824 1018 2888 leriis
1047 2846 1076 2890 a.
1100 2826 1187 2889 1839
1208 2833 1297 2888 voto-

266 2959 339 3002 rum
360 2958 490 3022 compos
511 2958 663 3002 evasurus
683 2937 864 3016 videbatur.
889 2939 993 3023 Supra
1014 2960 1114 3024 qnam
1143 2942 1296 3025 cuiquam

267 3050 422 3118 credibile
443 3062 490 3114 est
509 3051 682 3138 gaudebat.
712 3053 792 3121 llira
810 3074 885 3117 cum
908 3054 1073 3139 voluptate
1092 3075 1183 3139 spem
1206 3075 1297 3118 suam

265 3166 377 3231 amicis
405 3149 593 3246 enarrabat,
627 3167 857 3253 proximisque.
879 3168 920 3232 ab
949 3169 1065 3232 itinere
1091 3167 1226 3247 diebus,
1250 3179 1297 3230 ‚ut

266 3281 464 3346 affirmarunt
495 3282 559 3360 illi,
594 3293 752 3366 perpetuo
782 3282 811 3343 ei
839 3282 873 3344 in
904 3304 960 3346 ore
989 3283 1119 3348 Geoeva
1142 3293 1175 3346 et
1202 3283 1297 3346 ltalia

266 3407 367 3462 erant.
407 3395 565 3462 Fallacem
591 3399 698 3478 spem!
734 3397 771 3458 ln
798 3396 913 3460 itinere
948 3395 1060 3461 eadem
1087 3396 1218 3483 quidem
1245 3396 1297 3460 bi·

266 3511 393 3590 laritas,
426 3510 619 3595 exspectatio
643 3508 833 3574 deliciarum
861 3511 896 3573 in
914 3510 990 3578 „dies
1019 3510 1138 3594 major,
1162 3511 1298 3595 pristina

260 3603 416 3689 'horarum
445 3624 675 3688 matutinarum
704 3646 802 3704 cura,
829 3636 862 3688 at
889 3626 1003 3690 celeris
1033 3625 1224 3690 ambulantis
1246 3628 1296 3690 in-

153 3731 161 3742 ’
267 3760 331 3823 que
354 3759 454 3802 curru
477 3738 615 3803 sedentis
635 3738 800 3803 lassitudo.
832 3739 993 3819 Basileae‚
1017 3740 1189 3804 comitante
1208 3739 1294 3820 filio,

265 3875 361 3940 aegre
388 3852 692 3933 Wunderlichium,
715 3854 876 3918 Wettium
898 3866 930 3918 et
958 3854 1224 3940 Hagenbachium
1247 3877 1296 3918 sa·

265 3967 405 4032 lutatnm
424 3966 552 4047 adibat,
577 3989 773 4054 quamquam
801 3989 876 4032 cum
897 3969 955 4033 illo
983 3968 1024 4032 de
1046 3971 1192 4048 Erasmo‚
1220 3990 1296 4032 cum

265 4080 315 4144 his
358 4081 398 4144 de
435 4082 592 4146 Straussio
630 4094 728 4168 atque
767 4084 927 4166 praesenti
962 4083 1142 4170 theologiae
1181 4082 1295 4147 condi-

266 4195 352 4258 tione
376 4217 534 4260 sermones
557 4197 693 4260 miscens
720 4189 845 4260 nullum
873 4187 1047 4270 ἅσθὲνειας
1069 4219 1197 4262 sensum
1221 4219 1296 4282 pro·

265 4309 378 4387 debat;
422 4309 476 4371 sed
515 4310 554 4373 ad
596 4333 667 4374 suos
706 4311 805 4375 redux
846 4311 906 4375 sub
944 4333 1105 4396 vesperam
1136 4313 1294 4394 febricula
