2875 5075
762 583 824 645 tao

279 759 429 823 momenti
453 758 525 821 luco
548 775 614 819 csse
633 755 694 836 ait,
712 755 886 843 dequibus
904 756 987 821 scire
1003 767 1093 822 aveat
1111 766 1240 822 rectene
1254 754 1312 837 ju·

277 872 383 937 dicet:
399 889 432 935 sc
447 872 548 949 em,
569 891 683 956 partam
694 868 890 935 delectatum
906 872 965 950 iis,
979 892 1064 957 qnae
1076 871 1147 935 aliia
1163 869 1226 935 alia
1236 869 1311 955 pla-

277 1004 352 1053 cere
371 984 660 1062 animadvertisset,
684 994 860 1071 pertatem
881 987 977 1052 vitam
994 985 1203 1074 quaesivisse,
1226 984 1310 1071 quid

255 1138 258 1143 ·
278 1101 319 1167 sit
340 1096 575 1188 metaphysica,
601 1120 664 1187 qua
687 1101 811 1166 ratione
838 1101 923 1181 coli,
947 1119 1013 1187 qno
1042 1100 1149 1165 valere
1175 1099 1309 1165 debeat.

276 1210 398 1299 Quodsi
425 1215 474 1279 sel
506 1215 642 1279 maxima
673 1227 842 1281 censeatur
871 1215 959 1281 haurd
982 1216 1131 1280 aberrare
1161 1237 1181 1279 a
1211 1235 1308 1293 rere,

276 1346 372 1395 suum
399 1349 478 1416 opus
508 1327 634 1414 judicat
665 1328 746 1394 nihil
774 1330 912 1416 amplius
943 1331 1005 1395 nisi
1033 1329 1308 1415 opportunitatem

276 1447 327 1510 tel
354 1441 395 1509 ad
419 1461 579 1509 summum
604 1443 779 1531 primordia
798 1459 909 1509 eoram
934 1445 1023 1523 lore,
1048 1443 1243 1531 quassanti
1269 1444 1308 1505 in

275 1562 385 1647 primis
406 1572 437 1623 et
454 1559 555 1645 proha
577 1559 742 1625 exercitati
758 1558 942 1645 philosophi
956 1558 996 1623 ad
1015 1568 1124 1622 reram
1139 1556 1307 1643 metaphy-

276 1677 375 1741 sicam
392 1673 630 1739 instaurandam
645 1673 798 1760 persequi
810 1685 842 1737 et
857 1671 1170 1759 perliceredebemrt.
1187 1669 1213 1757 ί)

300 1824 302 1835 ·
319 1789 450 1853 Initium
466 1784 695 1875 diaqmneoms
710 1799 757 1852 cst
767 1786 970 1868 historicum,
980 1787 1134 1874 ducitque
1150 1786 1307 1852 contiuuo

273 1906 308 1967 in
325 1902 446 1967 modias
467 1922 528 1969 res.
563 1902 750 1989 'Indagatur
780 1902 895 1982 enims
910 1924 974 1989 qua
1001 1902 1122 1967 muana
1148 1902 1306 1967 exstiterit

274 2034 312 2083 ao
336 2034 432 2105 porro
459 2016 548 2081 culta
574 2016 617 2081 sit
645 2015 885 2102 metaphysica,
918 2016 1010 2101 cujas
1038 2016 1170 2103 quidem
1186 2038 1305 2081 namen

273 2105 441 2197 fortuitum
476 2130 601 2195 ridetur
638 2151 699 2195 nec
734 2132 810 2195 satis
842 2142 973 2217 aptum,
1006 2142 1198 2218 mgtrmcnta
1228 2149 1304 2195 aero

273 2250 361 2311 omni
383 2264 464 2311 aero
492 2264 612 2311 marma
637 2247 791 2325 inerunt,
814 2248 974 2326 animus,
995 2246 1109 2326 Beue,
1132 2246 1301 2325 medor,

273 2362 343 2447 ipso
377 2378 496 2424 remea
530 2374 680 2441 natura,
713 2381 863 2447 quaeqae
890 2372 1059 2447 proqrtcrea
1086 2371 1126 2425 ut
1153 2372 1221 2441 est,
1255 2361 1302 2425 sie

272 2476 382 2543 habita
411 2494 535 2563 semper
562 2476 623 2540 fuit
649 2475 871 2541 doctrinarum
899 2476 1041 2541 omnium
1065 2476 1237 2564 princeps,
1263 2487 1302 2542 ‚et

271 2610 347 2656 vero
372 2602 491 2656 tantam
515 2591 584 2655 lere
610 2591 673 2654 rim
695 2590 811 2655 hahuit
828 2591 863 2654 in
879 2602 1064 2656 ceterarum
1079 2590 1301 2656 doctrinarum

271 2706 475 2792 maximaque
503 2705 685 2791 theologiae
724 2704 868 2785 stadius
893 2712 933 2769 nt
965 2707 1057 2770 illam
1097 2708 1156 2793 qui
1190 2707 1300 2792 explo-

271 2832 340 2899 ret,
360 2819 473 2883 harum
492 2839 593 2902 paene
614 2823 707 2882 manc
719 2821 941 2906 primipitari
958 2819 1126 2906 explorate
1141 2819 1299 2887 uideatur.

271 2936 387 3019 ltaque
418 2932 570 2997 historice
599 2932 766 2998 exordiens
794 2933 974 3014 Heusdius‚
1004 2934 1122 3018 incidit
1142 2937 1299 3000 contiuo

269 3049 304 3112 an
331 3045 557 3126 Aristotelem,
587 3046 754 3134 superiore
781 3047 865 3113 libro
882 3050 1063 3115 mamutius
1079 3049 1297 3136 descriptum,

270 3183 288 3229 a
320 3155 386 3251 quo
422 3181 509 3228 nuuc
547 3165 666 3228 iterum
702 3164 839 3230 affirmat
865 3165 984 3249 justam
1012 3167 1132 3230 interni
1165 3166 1296 3245 mnndi,

268 3280 390 3365 pariter
409 3290 537 3365 atqaea
556 3275 688 3342 Plateam»
708 3281 846 3361 externi,
863 3280 1103 3368 inquisitionem
1119 3280 1298 3368 neglectam

268 3394 389 3470 foisse,
428 3389 571 3478 indeque
602 3393 747 3456 evenisse
789 3405 917 3473 mcum,
950 3405 989 3460 ut
1019 3395 1096 3476 ille,
1125 3419 1151 3459 ‘s
1183 3394 1298 3460 mundi

270 3506 395 3573 antemi
412 3506 655 3591 investigatione
667 3506 706 3571 ad
727 3508 928 3594 quaestiones
944 3508 987 3572 de
1003 3509 1092 3590 deo,
1111 3509 1154 3575 de
1171 3511 1295 3589 anino,

270 3620 311 3685 de
328 3637 436 3685 rernm
455 3632 569 3685 natura
596 3620 780 3708 similesque
804 3621 891 3687 haud
908 3625 983 3688 satis
1000 3624 1187 3710 proficiens,
1209 3614 1296 3709 ὑπὲρ

268 3725 325 3822 τήν
355 3723 457 3820 φύσιν
491 3755 648 3820 quaerere
679 3736 874 3816 instituerit,
904 3737 992 3824 quod
1023 3738 1058 3801 in
1091 3751 1194 3802 semet
1223 3742 1297 3824 ipso

268 3868 442 3932 agnoscere
469 3858 500 3910 et
525 3849 668 3913 invenire
688 3849 861 3915 debuerat:
885 3850 962 3916 hinc
986 3864 1094 3916 autem
1118 3849 1296 3917 doctrinam

232 4027 235 4033 ,
269 3983 448 4048 supremam
461 3962 529 4046 ejus
541 3965 712 4044 exstitisse,
723 3986 805 4050 quae
817 3966 946 4051 proprie
955 3988 1139 4050 causarum
1148 3971 1296 4032 scientia

274 4182 469 4194 ——....-...-

301 4325 327 4390 1)
345 4331 381 4378 Cf.
400 4332 476 4380 ctiam
493 4334 590 4384 socrat.
609 4334 702 4386 Sahool
718 4334 766 4403 lv,
786 4332 836 4382 159
853 4340 880 4384 et
898 4333 956 4384 180.
1067 4385 1072 4392 ,
