2875 5075
760 570 824 633 228
893 651 897 659 Ι

278 747 328 808 vix
350 764 515 828 egressus,
541 742 707 807 schedulas
730 742 970 828 pervolvebam:
995 742 1176 827 inspicienti
1196 749 1317 805 autem.

278 859 376 939 mihi,
400 859 582 922 miserabile
604 858 713 923 dictu!
737 857 839 921 ubivis
858 858 926 920 fere
954 857 1144 922 occurrebat
1167 857 1304 942 margini

276 972 473 1060 adscriptum
497 973 547 1036 vel
579 972 670 1035 locres
696 971 739 1036 ab
768 984 905 1035 auctore
931 994 997 1035 reon
1025 971 1221 1035 intellectus
1252 970 1306 1033 vel

278 1089 369 1152 locus
397 1090 534 1175 integer
563 1101 597 1151 et
632 1110 755 1166 senus,
790 1088 949 1174 quemvis
984 1084 1193 1171 impeditus:
1222 1108 1303 1171 pau·

275 1203 321 1268 cis
358 1202 550 1286 conjecturis
589 1213 774 1265 annotatum
811 1199 956 1265 videbam
996 1201 1090 1265 baud
1119 1200 1302 1286 displicet,

275 1316 402 1381 duabus
430 1317 570 1379 tribusve
596 1315 655 1378 doc
676 1327 774 1379 reete.
818 1316 897 1396 Quis
913 1314 1010 1394 mihi,
1029 1315 1078 1379 his
1098 1314 1207 1393 lectis,
1232 1338 1303 1378 sen·

274 1453 326 1495 sus
356 1431 475 1509 fuerit,
509 1452 572 1493 non
598 1432 712 1493 attinet
741 1430 869 1510 diecre3
899 1440 1007 1515 postea
1038 1430 1153 1493 similia
1172 1452 1301 1513 passus,

273 1545 366 1609 illurn
390 1546 563 1629 respiciens
596 1544 699 1623 diem,
725 1545 848 1627 subjeci
878 1544 1040 1608 interdum
1066 1542 1143 1607 mihi
1166 1541 1306 1607 entem

273 1650 328 1745 dri,
346 1658 472 1746 κραδίη.
508 1659 562 1723 Sic
579 1659 635 1723 ille
655 1659 846 1743 prudentius
868 1658 1096 1743 efficaciusque
1116 1678 1213 1743 quam
1232 1656 1305 1719 lon·

276 1772 326 1857 gis
354 1774 570 1853 orationibus,
602 1773 747 1838 homines
775 1775 842 1837 sere
867 1773 1091 1851 enecantibus,
1117 1793 1167 1836 me
1193 1792 1306 1855 repre-

276 1886 460 1966 hendebat,
485 1900 587 1973 utque
608 1898 716 1973 postes
735 1886 820 1967 vidi,
851 1887 885 1952 id
912 1888 1028 1973 egebat
1057 1888 1125 1950 lere
1154 1887 1311 1950 Socrates

273 2000 330 2064 ille
363 2022 470 2081 meus,
510 2012 546 2064 ut
581 2004 695 2065 mentis
735 2002 813 2066 mihi
853 2002 985 2067 oculum
1033 2002 1194 2086 aperiret,
1238 2021 1306 2085 quo

274 2115 415 2199 meipso
448 2136 694 2201 cognoscerem,
722 2115 923 2198 judicarem,
949 2116 1186 2201 corrigerem.»
1233 2115 1304 2178 lem

274 2229 499 2313 perspicuum,
533 2230 618 2315 quod
655 2252 751 2314 supra
788 2226 1009 2315 attigimus,¹)
1055 2251 1115 2294 eur
1150 2231 1305 2315 Wytten·

273 2342 423 2407 bachium
451 2342 608 2407 Heusdius
637 2365 730 2407 suum
764 2344 824 2408 sibi
851 2345 1013 2410 Socratem
1044 2345 1142 2407 luisse
1174 2343 1304 2407 dictita·

273 2467 332 2522 ret.
373 2458 421 2521 Ac
451 2458 551 2545 probe
578 2456 915 2540 animadvertendum,
950 2461 1062 2547 quanti
1088 2459 1166 2523 huie
1197 2469 1302 2535 esset,

272 2570 359 2659 quod
379 2595 396 2636 a
416 2575 567 2660 magistro
588 2596 650 2638 non
666 2574 762 2639 modo
780 2576 814 2638 in
835 2597 985 2660 praesens
1002 2575 1088 2639 vanis
1109 2583 1304 2659 purgaretur

273 2687 497 2770 opinionibus,
520 2710 632 2752 verum
653 2690 749 2753 etiam
766 2689 877 2754 sedule
895 2673 1134 2761 converteretur
1150 2688 1184 2751 in
1202 2698 1304 2751 semet
1382 2750 1385 2759 ,

272 2800 396 2883 ipsum,
423 2821 522 2886 seque
547 2804 662 2866 sensim
691 2805 857 2888 explorare
878 2816 910 2868 et
923 2803 1070 2886 judicare
1087 2813 1304 2880 assuesceret;

273 2915 330 2991 ul,
354 2912 414 2975 sibi
437 2915 609 2999 aliquando
631 2916 781 2996 relictus,
805 2918 996 2982 intrinsecus
1018 2919 1089 2980 riui
1105 2927 1229 3001 peteret
1250 2937 1302 2978 er-

274 3027 417 3105 roribus,
450 3028 476 3090 si
501 3030 559 3114 qui
595 3029 709 3094 deinde
735 3042 790 3095 aut
820 3033 937 3096 similes
960 3032 1126 3117 prodirent
1147 3042 1205 3095 aut
1227 3031 1302 3094 novi

270 3141 482 3221 accederent,
513 3143 639 3208 fortiter
665 3146 842 3211 resistendi.
885 3149 924 3210 Et
951 3147 1141 3231 prodierunt
1168 3167 1310 3231 reapse,

270 3256 361 3341 iique
383 3257 547 3342 aliquanto
570 3258 799 3326 vehementius.
841 3261 920 3324 Nam
946 3261 1164 3344 Trajectinu'm
1184 3249 1304 3323 munus

272 3381 441 3455 postquam
464 3371 590 3453 juvenis
611 3395 732 3438 summa
753 3395 827 3439 cum
850 3375 1049 3440 audientium
1070 3375 1305 3460 approbatione

271 3483 452 3566 auspicatus
470 3497 537 3548 erat
555 3487 830 3574 institutionisque
847 3472 988 3554 novitate
1001 3511 1040 3554 ae
1058 3489 1305 3574 momentcpln-

272 3617 345 3659 cere
365 3598 511 3662 omnibus
530 3613 696 3685 coeperat,
719 3601 857 3688 flagrans
875 3624 948 3668 eum
965 3605 1080 3668 invasit
1100 3604 1226 3690 gloriae
1243 3626 1305 3668 cu·

271 3709 358 3793 pido.
388 3709 426 3773 Id
451 3713 606 3778 mirentur
622 3717 754 3780 fortasse
773 3730 877 3783 aetate
895 3720 1109 3804 provectiores
1127 3703 1304 3801 Trajeetini

271 3823 374 3902 cives,
395 3826 452 3910 qui
478 3839 550 3890 ante
575 3827 631 3892 hos
655 3830 789 3915 triginta
808 3833 952 3918 quinque
976 3855 1074 3924 annos
1092 3832 1235 3897 Heusdio
1253 3834 1304 3898 ia-

272 3939 436 4002 miliariter
468 3943 537 4019 usi,
577 3944 669 4008 citius
704 3945 888 4010 modestiam
917 3946 986 4030 ejus
1018 3947 1169 4025 laudant,
1202 3969 1303 4033 quam

268 4143 471 4160 Ἢ

304 4288 330 4352 1)
347 4293 374 4343 P.
388 4293 430 4342 35.
