2875 5075
610 594 671 653 251

127 765 380 849 corripiebatur,
399 766 536 829 bernam
554 776 657 829 tamen
679 764 831 852 perendie
849 766 1010 850 proficisci
1028 770 1156 832 minime

126 888 264 944 vetante.
297 878 347 941 Ibi
369 878 467 941 febris
486 889 518 941 et
544 878 648 942 redire
670 889 700 941 et
722 880 766 942 ita
789 878 896 944 denuo
917 880 1094 960 decedere,
1119 893 1157 945 ut

126 991 287 1055 Genesam
308 1014 443 1079 pergere
472 1014 535 1055 non
561 991 735 1057 dubitaret.
771 994 809 1057 In
837 996 1157 1078 exoptatam'nrbem

126 1126 228 1190 quum
247 1107 400 1183 venisset,
420 1104 563 1170 triduum
579 1104 813 1189 jucundissime
832 1120 979 1173 exactum
1001 1109 1073 1173 tuit.
1108 1108 1157 1173 ad

126 1218 215 1282 lacus
236 1220 429 1285 Genevensis
447 1221 531 1304 ripas
549 1221 582 1283 in
599 1220 695 1305 Alpes
717 1221 935 1306 prospiciens,
957 1223 1065 1286 satiari
1090 1245 1158 1286 ma-

127 1331 245 1416 gnifico
265 1334 449 1418 spectaculo
474 1356 538 1397 non
557 1343 699 1418 poterat.¹
726 1334 892 1421 Quidquid
910 1337 1072 1400 suavitatis
1092 1338 1158 1401 cla·

128 1468 236 1509 rorum
274 1446 440 1511 bominum
469 1448 503 1510 in
534 1447 597 1512 suis
632 1448 777 1532 ipsorum
817 1448 950 1513 aedibus
978 1451 1157 1516 recordatio

125 1560 244 1639 babet,
268 1560 329 1625 hoc
350 1560 383 1625 in
407 1562 542 1629 Voltarii
564 1574 595 1626 et
616 1562 754 1627 Staeliae
770 1541 948 1628 secessibus
968 1560 1158 1651 ell'nse'per·

127 1674 277 1760 cipiebat.
308 1674 366 1738 llio
387 1676 509 1754 Martis,
529 1678 586 1763 qui
607 1688 674 1742 erat
693 1679 737 1741 23
756 1700 799 1743 m.
819 1679 916 1756 Julii,
937 1678 1053 1743 sallem
1070 1680 1158 1743 eta-

125 1812 247 1875 mouasy
269 1789 442 1875 cogitabat.
489 1789 551 1854 Sed
580 1791 660 1857 illuc
687 1814 726 1855 ne
754 1788 1156 1872 ex’cnrreretsvebemem

125 1904 263 1969 faciebat
292 1905 400 1968 lateris
433 1903 543 1984 dolor,
577 1904 670 1985 inde,
706 1918 743 1973 ut
776 1906 920 1984 videtur,
953 1917 1156 1985 contractus,

126 2018 213 2105 quod
236 2018 341 2105 pridie
361 2040 378 2081 e
398 2020 541 2083 maximis
559 2020 727 2084 coenaculi
753 2020 915 2085 caloribus
933 2022 968 2083 in
987 2023 1157 2085 macciano

126 2154 158 2197 se
183 2126 327 2197 reficiens
347 2133 467 2197 boreae
488 2133 635 2215 objecto,
659 2136 795 2199 obrutus
819 2156 929 2199 somno
957 2136 1073 2201 luerat.
1108 2135 1156 2200 td

125 2247 275 2312 morbum
301 2247 557 2312 exacerbandum
583 2270 679 2334 quam
701 2250 764 2312 vim
782 2248 882 2335 hepar
899 2248 1066 2328 babuerit,
1091 2272 1157 2336 quo

38 2430 43 2433 ,
125 2361 285 2427 Heusdius
318 2362 423 2428 minus
454 2359 530 2426 sano
567 2362 737 2442 utebatur,
775 2363 925 2449 equidem
962 2365 1087 2429 nescio:
1123 2363 1157 2427 id

126 2486 267 2556 constat,
306 2498 379 2540 eum
413 2475 525 2541 decem
555 2477 646 2541 annis
676 2489 752 2542 ante
779 2478 903 2564 Lipsiae
934 2478 981 2542 sic
1004 2477 1158 2543 affectum

125 2590 301 2677 hepatitide
329 2591 445 2671 luisse,
480 2601 516 2656 ut
550 2592 633 2655 sitae
665 2602 875 2658 metueretur.
923 2592 1014 2657 lllius
1050 2604 1156 2657 autem

125 2706 247 2769 itineris
283 2706 436 2770 memoria
473 2707 626 2770 continno
661 2718 871 2792 cognatorum
905 2707 1157 2772 sollicitudinem

125 2820 282 2906 augebat,
307 2842 378 2883 mox
408 2819 561 2884 acerbum
582 2820 706 2884 luctum
734 2832 913 2907 opportune
941 2821 1155 2886 moderatum.

125 2927 224 3014 Nam,
247 2933 356 2998 sedato
380 2933 457 2999 licet
484 2933 591 2998 lateris
612 2933 739 3013 dolore,
763 2935 862 2999 febris
878 2947 984 2999 minen
1014 2936 1157 2999 remissio

126 3047 209 3113 effici
226 3048 316 3112 nulla
336 3049 410 3112 artis
428 3049 574 3114 salutaris
593 3050 672 3132 card
687 3060 828 3134 poterat:
853 3050 919 3115 bac
932 3072 1007 3113 vero
1027 3062 1058 3113 et
1079 3071 1157 3114 cou-

126 3163 216 3228 tinua
231 3173 266 3226 'et
285 3161 443 3226 assiduam
459 3163 610 3227 afferente
622 3162 863 3242 delirationem,
883 3174 995 3227 tenues
1013 3164 1155 3247 corporis

126 3279 208 3341 vires
218 3276 298 3342 adeo
308 3275 576 3356 absumebantur,
600 3289 656 3356 ut,
677 3276 755 3364 qnid
778 3271 978 3357 immineret,
1003 3288 1156 3363 cognato·

126 3413 199 3455 rum
224 3391 351 3455 tandem
379 3391 498 3454 nemini
523 3390 659 3455 dubium
687 3392 937 3478 relinqueretur.
971 3393 1027 3454 His
1050 3392 1154 3468 lecto,

126 3504 212 3570 unde
239 3505 326 3570 haud
355 3517 568 3586 recesserant,
600 3504 799 3570 adstantibus
830 3507 987 3592 nulloque
1016 3506 1155 3601 morien-

126 3620 176 3684 tis
192 3605 336 3684 sermono
364 3619 556 3686 confirmatis
566 3651 584 3699 ,·.
604 3619 764 3684 Heusdius
792 3619 844 3684 dia
872 3621 974 3698 Solis,
1006 3620 1155 3684 vicesimo

126 3747 237 3800 octavo
258 3735 372 3798 mensis
393 3735 489 3814 tatii,
509 3734 578 3812 sub,
591 3733 703 3799 horam
720 3734 971 3820 pomeridianam
990 3735 1155 3820 quintam,

125 3849 253 3935 placide
275 3851 464 3935 exspiravit,
488 3850 599 3915 aetatis
618 3870 701 3914 anno
721 3849 919 3936 sexagesimo
936 3848 1052 3934 primo.

170 3965 251 4028 Nolo
280 3964 482 4044 describere,
508 3965 596 4053 quod
622 3965 754 4045 sentiri,
781 3986 845 4030 non
873 3963 1014 4028 describi
1040 3961 1155 4042 debet,

127 4101 190 4165 qua
213 4092 290 4146 tunc
311 4091 415 4150 mento
437 4104 516 4144 uxor
545 4091 577 4145 et
597 4080 692 4144 liberi
721 4080 756 4143 in
778 4079 891 4144 mediis
911 4076 1088 4164 peregrinis
1108 4097 1156 4140 es·

126 4207 214 4274 sent,
240 4195 315 4280 qni,
340 4206 376 4258 ut
395 4193 477 4259 filius
496 4196 559 4274 ait,
584 4195 725 4278 exceptis
745 4195 874 4279 paucis,
891 4193 1034 4278 ipsorum
1048 4211 1157 4276 nequo

127 4309 269 4374 dolorem
289 4310 472 4396 intelligere
497 4330 601 4398 neque
616 4310 764 4394 jacturae
783 4290 1035 4395 magnitudinem
1054 4304 1156 4388 suspi-
