2875 5075
755 542 819 604 108

275 735 383 781 rerum
418 716 532 792 latest,
577 714 611 776 iu
643 712 711 798 ipso
733 714 842 797 posits
866 711 1002 777 beminis
1024 711 1171 798 ingenio:
1198 710 1305 798 ipsum

273 831 358 893 enim
374 829 500 916 generis
517 827 615 892 nostri
636 826 676 891 ed
692 826 817 891 cultum
843 836 875 890 et
899 825 1129 890 humanitatem
1150 846 1305 913 progres-

273 945 393 1007 sionem
416 962 452 1007 ex
471 940 583 1007 eedem
600 940 706 1006 studio
724 940 1040 1026 duciillustreriqne
1054 960 1156 1025 posse.
1190 941 1301 1020 llaec,

273 1057 455 1122 Socraticae
487 1055 737 1142 Platonicueque
774 1053 994 1142 philosophiae
1030 1053 1177 1119 ubertate
1206 1076 1305 1119 orne·

273 1182 324 1251 tu,
357 1191 395 1234 eo
429 1169 493 1253 jem
526 1170 642 1249 refert,
682 1189 749 1256 quo
778 1168 914 1234 tetendit
944 1169 1000 1233 sb¹
1013 1164 1115 1235 initio.
1161 1169 1305 1233 llomine

272 1287 358 1349 enim
390 1306 426 1351 es
456 1283 639 1350 conditione
663 1294 761 1362 neto,
794 1294 832 1347 ut
861 1282 989 1347 vivendi
1023 1282 1206 1370 agendique
1234 1294 1301 1347 tem

272 1400 403 1464 sublimi
426 1410 592 1464 morentur
608 1397 788 1483 principio,
812 1395 891 1461 nibil
918 1395 1083 1483 antiquius
1115 1395 1304 1461 babendum

274 1534 341 1579 esse
361 1512 508 1597 judicet,
543 1533 640 1600 quom
665 1523 702 1575 ut
731 1512 871 1576 netirum
890 1509 952 1575 boe
975 1510 1171 1576 desiderium
1189 1512 1224 1575 in
1247 1510 1303 1594 ju·
1412 1505 1415 1510 ’

273 1640 403 1694 seutute
430 1649 470 1691 ne
502 1627 653 1692 hebescat
681 1626 758 1691 iisre
785 1646 820 1689 se
847 1624 1011 1711 applicet,
1052 1645 1136 1712 quoe
1163 1636 1302 1690 neturu-

273 1742 337 1807 lem
348 1741 600 1827 pulcritudinem
615 1742 746 1805 minime
764 1740 928 1819 referunt,
951 1738 1008 1805 sed
1019 1738 1107 1822 justu
1126 1740 1305 1805 institutio-

272 1878 313 1921 ne
334 1856 542 1942 prolicietur,
568 1867 786 1943 expurgetur,
821 1866 967 1920 acuetur.
1010 1852 1194 1938 cujusmodi
1224 1855 1304 1941 qui-

273 1970 347 2035 dem
374 1948 583 2036 institutionis
619 1982 650 2035 et
676 1956 764 2033 tonte
796 1969 938 2034 indicate
963 1969 1161 2035 Graecorum
1185 1991 1304 2033 menu-

273 2084 405 2164 mentis,
429 2104 523 2149 reree
551 2084 670 2170 quippe
695 2083 921 2169 pulcritudinis
944 2082 1198 2168 exemplaribus,
1221 2095 1256 2149 et
1270 2084 1324 2161 si,

274 2210 398 2263 ostense
418 2220 591 2285 senequum
617 2199 769 2285 egregie,
804 2198 884 2263 beec
909 2197 1040 2262 tendens
1066 2197 1203 2265 affirmet
1222 2219 1300 2265 cm-

273 2322 332 2376 tcr.
380 2313 444 2375 «In
461 2312 583 2377 ortibus
602 2313 750 2378 omnibus
765 2321 798 2375 et
819 2311 973 2378 doctrinis
1000 2312 1057 2398 qui
1083 2312 1299 2391 excellerent,
1393 2386 1398 2395 ι

274 2448 398 2513 semper
424 2426 515 2491 fuere
542 2428 646 2513 pauci.
690 2425 754 2490 Sed
780 2427 877 2512 pauci
904 2426 975 2506 illi,
1007 2427 1053 2492 sic
1077 2426 1234 2505 instituti,
1269 2436 1303 2489 et

274 2541 335 2608 beo
363 2543 563 2608 institutione
587 2543 755 2608 facultates
783 2564 855 2608 snos
883 2563 992 2607 omnes
1018 2543 1113 2608 focile
1139 2540 1304 2628 pleneque

270 2657 485 2742 explicantes,
493 2658 581 2740 justo
593 2657 721 2722 demum
732 2659 860 2731 nomine
868 2657 1027 2722 excellere
1038 2655 1199 2722 dicentur.
1209 2655 1304 2720 Docti

274 2770 446 2856 aliquando
465 2782 582 2849 erunt,
605 2771 660 2834 sed
682 2773 778 2835 simul
793 2771 930 2836 eruditi:
957 2793 1047 2836 acres
1072 2771 1222 2856 ingenio,
1245 2769 1303 2833 sed

275 2884 367 2948 simul
384 2885 489 2948 animo
509 2883 655 2948 condidi:
679 2884 841 2950 mirabiles
865 2865 1066 2951 acumine‘et
1077 2885 1222 2970 judicie,
1246 2882 1303 2947 sed

273 2997 425 3063 amabiles
442 2999 536 3063 simul
554 2999 586 3062 in
605 2999 685 3062 vitoe
705 2999 1019 3081 consuetudine:et,
1036 2998 1174 3087 quodie
1192 2998 1303 3084 primis

274 3131 437 3194 ememus,
462 3114 568 3200 magni
589 3112 668 3194 riri,
692 3113 748 3177 sed
768 3115 911 3178 omnium
932 3115 1028 3178 simul
1047 3114 1231 3178 mortalium
1247 3114 1303 3178 in·
1331 3150 1335 3156 ·

278 3227 372 3312 genie
391 3227 563 3314 animoque
581 3227 840 3314 simplicissimi.»
858 3225 885 3315 ¹)
910 3228 1034 3310 llultos,
1055 3229 1116 3294 buc
1133 3229 1219 3292 lectu
1230 3248 1303 3291 ora·

274 3341 379 3420 tione,
411 3340 609 3407 contendisse
633 3340 860 3420 animadverti,
908 3339 1137 3422 «lleusdium,
1168 3342 1227 3428 qui
1258 3339 1304 3405 de

273 3455 379 3539 pulcri
398 3475 505 3518 umore
523 3455 567 3518 ita
585 3453 802 3534 disseruisset,
826 3455 1298 3542 omnempulcritudinemuni·

274 3577 376 3631 meet
397 3566 509 3631 studiis
530 3589 596 3632 esse
612 3570 834 3654 complexum,
856 3590 1048 3657 omnemque
1069 3569 1138 3654 ejus
1150 3585 1304 3635 'umorem

273 3692 463 3767 perceptum
482 3693 514 3744 et
535 3682 700 3768 cognitum
719 3683 870 3749 bebere.»
891 3681 920 3771 ²)
1160 3661 1164 3667 ’

316 3795 366 3860 Ab
386 3806 524 3881 utroque
554 3796 710 3882 opusculo
728 3797 840 3884 lingue
866 3799 962 3863 etism
983 3798 1091 3862 differt
1116 3799 1233 3864 tertius
1257 3799 1304 3862 li·

275 4042 473 4056 ffl—

230 4259 233 4264 .
309 4183 335 4240 ll
353 4187 379 4235 P.
394 4187 435 4237 2⁷.
456 4191 539 4239 Euolet
557 4191 636 4240 orstie
651 4192 676 4240 in
694 4191 760 4240 Asso.
776 4192 856 4241 Aced.
875 4193 945 4262 Traj.
960 4194 1020 4241 enni
1042 4191 1224 4244 1817-1818.

308 4267 335 4331 ὓ)
354 4272 409 4319 Vid.
425 4275 501 4322 cllum
524 4276 619 4338 Clrusi'l
638 4278 667 4324 s'ss
683 4277 745 4342 Aeg.
760 4277 792 4325 Κ.
813 4293 844 4325 ess
861 4279 971 4328 Letterl.
982 4295 1005 4327 e.
1025 4277 1094 4328 tete
1110 4281 1137 4328 ll.
1158 4282 1179 4341 l,
1192 4296 1217 4343 p.
1237 4279 1297 4329 441.
