2875 5075
768 538 831 599 lte

283 712 433 777 editores
447 711 590 775 Helvetia
600 712 746 791 juniores
757 713 875 775 amicos
889 721 920 774 et
931 708 1105 793 discipulos
1120 708 1311 792 alloquitur.

284 827 443 912 Epistolae
464 846 596 889 numero
624 836 698 889 sunt
727 823 839 889 decem
860 836 892 887 et
905 842 908 847 ·
921 834 1060 907 septem,
1087 821 1181 885 datae
1203 833 1312 886 autem

281 942 389 1024 Hagae
421 938 579 1004 Comitum
609 961 625 1001 a
656 938 708 1002 die
741 941 781 1001 27
814 937 988 1004 m.'llartii
1020 937 1059 1000 ad
1089 936 1175 999 diem
1197 938 1240 999 14
1268 958 1310 1002 m.

281 1054 401 1139 Aprilis
423 1076 449 1117 a.
469 1055 555 1118 1828
575 1064 607 1115 ct
627 1052 765 1138 scriptae
784 1053 852 1115 lere
874 1072 984 1114 omncs
1000 1050 1065 1113 alto
1082 1071 1178 1114 mane
1196 1049 1311 1114 dicun·

282 1181 345 1234 tur.
392 1168 482 1251 Quae
516 1166 647 1254 quidem
683 1166 941 1232 animadvertisse
969 1164 1102 1229 Heusdii
1139 1163 1310 1229 familiares

281 1282 366 1347 haud
399 1270 582 1369 tidro'ccpopov
614 1282 804 1360 censebant;
829 1279 884 1343 sed
913 1281 969 1343 ubi
997 1302 1034 1343 ex
1053 1280 1123 1365 ipso
1149 1279 1234 1342 libro
1258 1278 1311 1343 lir-

281 1398 420 1461 missime
438 1396 497 1459 sibi
518 1406 757 1481 persuaserant,
775 1396 963 1481 scriptorem
975 1394 1043 1477 ejus
1065 1415 1128 1457 nou
1147 1393 1250 1458 alium
1264 1406 1311 1457 at-

282 1533 346 1597 que
363 1510 517 1573 editorem
537 1530 625 1589 esse,
650 1510 835 1573 certissimis
856 1510 920 1572 illis
937 1508 1138 1593 argumentis
1153 1507 1235 1572 haec
1255 1507 1311 1571 ad·

281 1626 400 1689 debant
417 1636 564 1703 externa,
585 1635 653 1688 tuns
666 1624 707 1688 ob
719 1624 936 1709 singularem,-
952 1623 1053 1708 quiin
1069 1620 1210 1687 lleusdio
1226 1633 1312 1701 erat,

280 1760 420 1804 amorem
449 1741 724 1825 constantiamque
751 1738 929 1802 studiorum
961 1716 1212 1815 matutinorum,
1244 1748 1313 1801 tum

282 1865 451 1939 propterea
474 1852 561 1939 quod
579 1874 688 1917 revera
709 1854 774 1939 ipsi
791 1863 935 1938 tempore
956 1850 1086 1916 laudato
1099 1852 1207 1936 flagae
1225 1874 1314 1916 corn-

283 1966 469 2031 morandum
492 1968 574 2046 luit,
598 1968 654 2031 uni
675 1968 831 2053 quippee
851 1966 1045 2029 Decemviris
1065 1988 1090 2055 a,
1102 1966 1192 2051 Rege
1221 1966 1313 2030 lectis

283 2083 587 2146 commentationum
606 2081 645 2145 de
664 2081 830 2147 scribenda
843 2083 964 2166 patriae
982 2080 1113 2145 historia
1130 2078 1313 2162 dijudican-

285 2196 397 2260 darnm
417 2196 528 2282 gratia.
545 2192 571 2281 ¹)

326 2312 474 2396 Magnum
498 2332 573 2373 sane
600 2309 772 2373 discrimen
795 2323 843 2375 est
867 2313 952 2375 inter
979 2309 1112 2374 lleusdii
1133 2310 1254 2374 librum
1281 2320 1315 2373 et
1359 2313 1361 2315 ’

283 2424 402 2503 molta,
427 2446 512 2511 quae
538 2445 576 2488 oo
598 2436 741 2509 tempore
766 2424 807 2489 de
835 2425 947 2490 eodem
966 2433 1157 2507 argumento
1181 2422 1312 2509 prodie-

280 2552 373 2619 runt,
403 2541 541 2625 scripta3
567 2561 707 2626 quornm
736 2541 813 2608 licet
831 2541 863 2602 in
895 2541 965 2604 aliis
986 2540 1049 2604 alia
1078 2539 1198 2625 optime
1226 2538 1315 2603 dicta

282 2655 575 2740 sapientissimeque
597 2655 714 2718 monita
735 2655 958 2732 inveniantur,
981 2654 1015 2716 in
1037 2654 1246 2739 paucioribus
1266 2665 1314 2718 ta·

283 2767 356 2832 men
381 2769 620 2832 remaltissime
643 2770 810 2853 repetitam
839 2790 907 2832 esse
928 2779 1062 2834 constat,
1093 2769 1183 2832 lianc
1210 2769 1315 2832 Heus·

283 2881 355 2945 alius
384 2881 582 2944 existimabat
605 2881 695 2944 nimis
728 2882 991 2967 vulgo'separari
1019 2883 1141 2961 abiis,
1172 2904 1314 2968 quorum

284 3007 389 3058 tamen
413 2996 454 3076 ,in
486 2996 619 3081 gratiam
648 2996 819 3080 Gymnasia
851 3008 883 3060 et
914 2996 1105 3060 Academiae
1139 2996 1313 3061 constituta

285 3121 406 3173 essent:
431 3108 492 3200 hos
515 3121 622 3173 autem
651 3131 712 3174 non
742 3109 903 3174 machinas
922 3131 991 3181 esse
1013 3112 1047 3172 in
1071 3132 1313 3197 quamcumque

284 3238 406 3311 partem
427 3245 459 3288 se
490 3223 636 3310 protrudi
666 3227 824 3303 sinentes,
856 3225 910 3288 sed
938 3225 1099 3303 homines,
1122 3235 1228 3290 aetate
1253 3225 1311 3291 llo·

285 3351 410 3418 rentes,
430 3339 469 3402 ad
488 3339 631 3403 ultimam
643 3351 733 3424 aptos
754 3339 1004 3418 institutionem,
1027 3339 1100 3426 qua
1112 3342 1161 3404 usi
1173 3361 1248 3405 eum
1265 3351 1313 3404 te-

286 3463 398 3516 nerent
418 3454 449 3514 in
473 3454 600 3516 civitate
625 3453 752 3533 locum,
777 3474 843 3538 quo
869 3453 942 3518 loco
967 3456 1087 3538 patriae
1110 3465 1173 3518 tam
1196 3475 1313 3520 nocere

286 3565 490 3628 vehementer
510 3588 607 3652 quam
627 3569 741 3630 eximie
761 3567 911 3652 prodesse
929 3581 1066 3654 possent.
1102 3569 1229 3634 Idcirco
1245 3589 1313 3632 rem

284 3681 340 3743 ille
369 3703 385 3742 a
409 3681 514 3764 capite
542 3681 726 3765 repetebat,
761 3683 868 3767 ipsum
895 3684 1113 3769 contemplans
1144 3683 1314 3747 hominem

287 3795 402 3879 puerili
423 3795 578 3871 maxime,
604 3795 858 3875 adolescentiae,
891 3808 922 3860 et
947 3798 1083 3879 juvenili
1110 3809 1233 3877 aetate,
1259 3810 1311 3878 ut,

287 3909 366 3995 quid
396 3907 448 3972 hic
469 3921 620 3994 appetat,
642 3911 834 3997 quibusnam
857 3912 1017 3998 indigeat,
1042 3936 1079 3976 ex
1103 3914 1177 3999 ipsis
1201 3915 1311 4001 singu.-

285 4123 490 4134 w...—

323 4258 348 4324 1)
367 4262 428 4326 Atg.
445 4263 478 4310 K.
498 4281 527 4312 sn
543 4265 652 4313 Letterb.
672 4283 694 4315 a.
710 4264 793 4328 182⁷,
812 4267 840 4315 u.
860 4267 886 4327 l,
902 4284 927 4331 p.
950 4265 984 4315 19
997 4273 1024 4316 et
1041 4267 1068 4317 ll.
1088 4267 1128 4330 ll,
1144 4284 1168 4331 p.
1184 4265 1227 4316 8&
