2875 5075
772 495 834 556 tlt

288 690 359 733 ιιιιιι
384 688 469 746 esse,
493 664 615 753 quud
606 688 640 729 ιιι
661 665 757 731 rebrb
776 666 924 732 humanis
949 667 1121 731 marimum
1151 678 1183 731 et
1216 676 1320 731 estet

285 782 438 860 habetur,
451 781 618 860 nimirum,
634 801 741 846 reram
752 802 873 867 ingemi
888 802 1050 867 animique
1060 780 1319 867 magnitudinem

285 908 382 982 atque
403 916 479 983 erga
497 916 605 960 omnes
629 896 761 960 omnino
779 892 923 960 homines
944 906 1113 981 totumque
1128 917 1231 981 genus
1252 896 1319 960 hu

284 1032 413 1075 manum
443 1009 700 1075 benevolentiam
732 1020 765 1073 et
792 1010 986 1076 comitatem.
996 1031 1014 1071 ι)
1061 1010 1099 1073 In
1128 1009 1178 1073 bis
1208 1032 1318 1073 nonne

285 1136 379 1204 sunt,
404 1123 489 1187 unde
508 1124 622 1189 amoris
641 1144 705 1190 non
725 1123 798 1189 dico
815 1123 964 1189 ardorem
991 1122 1128 1202 efficias,
1153 1123 1208 1187 sed
1237 1146 1317 1189 con-

284 1240 432 1303 stantiam
451 1250 630 1324 exspectes,
652 1239 687 1301 in
706 1239 818 1324 primis
834 1239 955 1303 saeculi
976 1239 1120 1325 cogitans
1137 1240 1316 1324 superioris

283 1352 399 1432 linem,
432 1374 513 1439 quo,
548 1353 581 1416 in
611 1353 767 1418 tenuitate
795 1351 892 1416 studii
912 1353 1093 1433 Platonici,
1117 1355 1194 1417 talia
1213 1353 1316 1418 verba

284 1466 364 1531 nihil
391 1466 511 1531 habere
541 1462 684 1531 tralatilii
711 1466 884 1552 poterant?
914 1466 1028 1530 Nonne
1055 1488 1190 1531 cernere
1210 1468 1245 1531 in
1265 1468 1316 1531 his

284 1582 423 1647 Platonis
439 1580 603 1647 lectitandi
622 1580 724 1646 causis
740 1581 832 1645 initia
849 1579 1008 1666 quaedam
1025 1602 1138 1647 eorum
1149 1592 1215 1663 est,
1232 1604 1316 1669 qno·

187 1718 189 1725 ’
284 1720 357 1763 rum
384 1697 477 1761 illum
505 1707 615 1781 postea
639 1696 851 1782 interpretem
877 1706 976 1782 atque
1006 1718 1199 1780 praeconem
1227 1700 1316 1762 nacti
1352 1722 1356 1737 ·
1425 1692 1430 1705 ⁴

284 1832 392 1877 sumus
410 1810 715 1897 diligentissimum?
738 1812 942 1897 Quamquam
959 1809 1068 1874 ridere
1085 1811 1227 1891 volenti,
1242 1833 1314 1878 cer·

283 1927 348 1993 tius
368 1924 480 1991 eadem
495 1936 648 2011 apparent
665 1926 700 1989 in
716 1923 907 2011 Speoimr'ue
930 1924 1072 1991 Critiae.
1108 1926 1177 2015 Hoc
1203 1916 1314 2013 παρά-

283 2037 378 2117 δοξον
411 2039 546 2107 ridetur.
592 2039 857 2124 conjecturarum
888 2052 920 2103 et
933 2039 1203 2105 emendationum
1225 2040 1312 2103 libro

116 2168 119 2175 '
186 2136 189 2141 ⁵
283 2153 361 2239 quid
389 2176 558 2219 commune
590 2176 666 2219 cum
702 2154 931 2241 posterioribus
961 2154 1095 2220 lieusdii
1130 2154 1312 2240 operibus?

281 2268 402 2335 Verum
424 2279 457 2331 et
473 2246 688 2334 criticasillas
708 2268 816 2355 copias
835 2279 923 2336 recte
950 2267 1165 2352 dijudicemus
1193 2279 1225 2332 et
1243 2288 1314 2333 me·

280 2382 469 2447 motabilem
485 2381 694 2469 Speciminr's
709 2384 962 2463 Praelationcm,
986 2404 1069 2471 quae
1088 2384 1239 2471 neglecta
1261 2384 1312 2446 in·

279 2496 408 2563 terdum
436 2509 500 2578 ost,
540 2520 580 2562 ne
607 2498 845 2567 obliviscamur.
899 2500 1071 2592 Postquam
1099 2497 1287 2580 adolescens

276 2612 425 2678 llodellio
444 2625 476 2678 et
495 2614 654 2699 inprimis
670 2613 922 2700 Wyttenbachio
945 2613 1099 2694 ducibus,
1118 2615 1304 2699 grammati·

276 2747 333 2790 cae
358 2728 631 2812 interpretationis
656 2731 722 2792 rim
751 2739 783 2794 et
809 2702 1035 2793 necessitatem
1048 2727 1312 2805 animadvertere,

275 2851 442 2925 coeperat,
465 2841 632 2926 praeclaro
653 2840 716 2906 hoe
746 2842 978 2928 intelligentiae
1001 2843 1216 2908 instrumento
1243 2865 1310 2906 non

274 2955 379 3038 potuit
416 2976 478 3020 non
520 2953 728 3020 libentissime
762 2955 1068 3045 diligentissimeque
1109 2955 1144 3020 in
1180 2979 1221 3023 eo
1257 2958 1309 3022 uti
1428 3046 1430 3053 Α

272 3069 447 3154 scriptore,
481 3067 574 3152 cnjus
597 3089 704 3135 amore
732 3069 899 3156 flagrabat.
911 3069 937 3157 ¹)
970 3073 1010 3136 Et
1034 3093 1135 3159 quum
1156 3071 1225 3136 bac
1254 3071 1307 3136 le-

272 3182 368 3268 gendi
381 3182 549 3270 diligentia
563 3183 603 3248 ad
614 3183 715 3249 varias
726 3183 897 3270 proliceret
909 3185 1068 3251 rariorum
1079 3186 1229 3252 locorum
1241 3185 1306 3280 dif-

272 3295 432 3362 ficultates
449 3297 704 3384 cognoscendas,
721 3297 810 3363 brevi
822 3310 890 3365 tum
903 3299 1110 3386 cupidissime
1129 3311 1304 3386 appetere,

272 3410 433 3498 quidquid
464 3409 504 3474 ad
531 3411 765 3479 emendandum
796 3412 1213 3502 Platonem'excogitassent
1230 3398 1307 3481 eru-

273 3521 351 3602 diti,
380 3533 449 3588 tum
473 3525 540 3609 ipse
566 3547 807 3612 nonnumquam
833 3525 1051 3610 conjecturam
1078 3538 1205 3592 tentare
1232 3551 1309 3594 eoe-

273 3637 343 3720 pit,
367 3647 497 3722 tamque
518 3637 650 3702 moleste
667 3639 867 3705 afficiebatur
882 3640 1004 3705 mendis
1024 3643 1139 3706 eximia
1151 3643 1236 3706 bene
1255 3642 1307 3706 di·

273 3749 366 3814 cendi
397 3749 546 3836 exempla.
568 3754 878 3835 contaminantibus,
913 3777 1011 3842 quam
1044 3757 1307 3842 perfundebatur

273 3863 410 3948 gaudio,
443 3865 468 3927 si
498 3865 577 3950 quid
598 3867 648 3930 rel
674 3852 810 3933 aliorum
839 3868 1006 3956 diligentia
1027 3870 1235 3937 emendatum
1254 3872 1307 3936 rel

274 4086 427 4098 ’'Q—t———a—
430 4091 477 4098 α·-

308 4221 335 4286 1)
352 4224 432 4276 erret.
447 4227 518 4291 Spes.
536 4231 601 4278 ortt.
618 4231 648 4278 s'u
664 4231 734 4282 ntes.
752 4248 778 4296 p.
794 4231 824 4282 Χ.
