2875 5075
766 523 812 589 82

268 710 410 764 aetatum
436 720 455 761 e
484 697 583 761 nostri
602 696 671 761 aeri
688 696 892 782 opinionibus
908 695 1198 780 contemplatione,
1209 698 1307 763 uber·

269 814 356 878 rimis
375 813 439 877 iilis
457 829 604 876 errorum
623 811 784 892 fmribus,
802 831 939 877 croesus
956 821 989 875 et
1007 811 1104 875 sicin
1122 812 1224 897 ipsam
1243 834 1302 898 pe·
1398 833 1401 842 ’

268 929 356 993 nitus
372 925 526 991 inducens
545 924 730 1005 historiam,
764 938 802 991 ut
820 927 881 991 rite
899 946 938 991 ea
959 925 1121 1012 pleneque
1141 906 1323 1009 dijudice-¹

268 1054 333 1107 tur.
381 1041 557 1128 Utriusque
579 1052 687 1105 autem
702 1041 886 1126 exemplum
907 1039 1129 1127 proponebant
1149 1040 1301 1120 scholae,

268 1155 357 1243 quod
374 1157 431 1243 qui
450 1156 663 1242 sequebatur,
687 1176 749 1221 nae
769 1154 819 1235 is,
836 1145 873 1219 in
888 1155 985 1219 rebus
1010 1154 1136 1242 generis
1151 1154 1299 1232 humani,

267 1270 459 1357 primordia,
497 1270 750 1349 vicissitudines,
789 1271 1047 1356 progressionem
1072 1268 1303 1350 humam‘tatis,

268 1409 330 1453 nec
357 1386 425 1450 sine
455 1380 680 1471 προπαθείας
697 1382 888 1472 diligentia,
907 1396 941 1452 et
959 1381 1135 1471 indagandi
1156 1406 1222 1449 nm
1243 1384 1302 1450 ob-

268 1499 418 1567 trudendi
441 1497 567 1579 studio,
585 1509 619 1563 et
647 1497 840 1585 prudentius
855 1520 955 1587 quam
975 1498 1126 1565 subtilius
1149 1499 1304 1586 persequi
1365 1510 1368 1514 ’

270 1614 426 1681 discebat.
1073 1692 1076 1699 Ι

312 1730 401 1794 flacc
420 1750 482 1793 non
494 1740 614 1793 temere
631 1728 761 1814 scripsi,
773 1728 992 1815 inprimisque
1011 1726 1200 1815 erat,quod
1217 1748 1304 1815 rspo-

268 1839 422 1915 παιδείας
443 1840 641 1928 diligentiam
666 1863 888 1909 memorarem.
933 1843 1078 1909 Fuerunt
1097 1843 1183 1908 enim
1197 1843 1303 1909 Heus·

268 1954 315 2020 dii
341 1954 519 2045 auditores,
541 1957 618 2044 qui,
641 1977 742 2043 quum
770 1958 832 2043 ipsi
858 1956 943 2023 hano
970 1957 1195 2043 negligerent,
1235 1978 1303 2021 nen
1333 2018 1337 2035 ,

268 2081 392 2141 nurum
420 2092 454 2135 se
480 2069 636 2138 ridiculos
662 2072 836 2157 probarent
857 2072 1010 2138 historiae
1036 2070 1213 2151 studiosos,
1243 2069 1302 2136 sed

268 2184 401 2271 insuper
417 2206 600 2251 sermonum
617 2208 750 2252 suorum
764 2188 894 2253 levitate
914 2185 1138 2273 philosopham
1149 2185 1302 2251 historiae

269 2299 423 2365 colendae
454 2286 609 2366 rationem
638 2301 750 2389 inepte
772 2302 842 2368 aiiis
872 2312 1075 2381 enamarent3
1110 2298 1197 2365 unde
1217 2299 1300 2366 haec

268 2414 354 2500 apud
379 2416 605 2479 nonneminem
629 2415 840 2482 invalesceret
863 2416 991 2502 opinio,
1031 2414 1195 2483 abducere
1228 2436 1301 2480 eam

266 2529 308 2594 ab
329 2530 579 2596 accuratissima⁴
593 2551 701 2616 rerum
723 2543 884 2619 gestarum
901 2553 939 2595 ex
954 2530 1033 2617 ipsis
1048 2530 1192 2598 fontibus
1206 2526 1300 2597 iuda·

267 2647 407 2731 geticus.
453 2646 538 2711 Huic
567 2658 676 2712 autem
702 2646 846 2732 opinioni
876 2667 915 2711 eo
941 2646 1070 2733 aegrius
1103 2644 1300 2725 assentiare,

267 2781 335 2845 quo
354 2758 518 2824 difficilius
538 2771 588 2823 est
605 2760 773 2825 rineuium
793 2759 904 2824 ridere
924 2760 1009 2825 inter
1025 2759 1178 2825 historiae
1203 2759 1298 2844 peni·

268 2884 319 2938 tras
340 2872 583 2958 perspiciendae
601 2873 745 2939 studium
761 2885 794 2938 et
813 2875 903 2956 rias,
929 2874 1012 2941 illuc
1029 2875 1126 2941 unice
1136 2874 1298 2954 ducentis,
1331 2869 1335 2873 ’

267 2987 522 3073 neglectionem3
563 2988 756 3076 gaudeoque
792 2989 937 3069 omnino,
977 3008 1080 3075 nuper
1095 2988 1237 3054 Kistium
1264 2999 1300 3052 et

266 3101 514 3188 Royaardsium,
564 3125 602 3169 ex
636 3103 818 3170 Heusdiana
855 3116 1031 3190 utrumque
1067 3102 1178 3170 schola
1216 3124 1299 3188 pro-

266 3217 404 3294 festum,
420 3239 485 3304 quo
498 3218 590 3283 illem
606 3219 790 3305 opinionem
804 3219 1020 3299 infirmarent,
1038 3217 1203 3284 addecem
1215 3237 1296 3304 pro-

267 3353 395 3397 vocasse
417 3331 675 3420 disquisiticnum
701 3333 925 3400 historicarsuu
945 3356 1015 3400 nse
1040 3333 1192 3419 deinceps
1210 3331 1299 3398 edita

267 3448 439 3512 solumina.
460 3445 486 3535 ¹)
518 3447 583 3514 Sed
600 3447 761 3514 Housdius
787 3447 988 3535 diligentiam
1010 3447 1213 3534 postulabat,
1239 3458 1297 3512 ut-

266 3582 334 3646 que
351 3561 502 3647 discipuli
520 3584 632 3627 manus
649 3565 740 3650 operi
757 3562 967 3643 adhiberent,
999 3585 1131 3649 prorsus
1149 3562 1297 3650 require·

267 3675 335 3741 hat.
379 3675 502 3758 Quodsi
522 3677 578 3763 qui
598 3677 705 3742 facere
720 3677 955 3757 detrectarent,
979 3677 1097 3742 horum
1116 3677 1296 3764 ingratiam

268 3790 393 3856 caneth
408 3805 410 3809 ’
424 3789 521 3876 depes
549 3814 730 3878 opponere,
766 3814 846 3879 quae
873 3793 934 3860 sibi
962 3793 1100 3880 quisque
1138 3790 1296 3858 debuerat

266 4031 471 4044 ..ι-...ιι-

273 4166 277 4176 ⁸
301 4186 328 4253 1)
346 4189 461 4250 Archias
473 4205 533 4238 ocor
554 4189 704 4257 Karhsltjke
729 4189 930 4253 nerodiensis,
961 4190 1150 4240 sesmereia
1173 4205 1223 4238 vos
1243 4186 1322 4251 Nea·-

266 4272 383 4324 rssarr.
403 4275 431 4324 n.
451 4275 472 4323 x
492 4292 517 4340 p.
537 4277 606 4326 vru.
694 4321 697 4327 ,
