<?xml version="1.0" encoding="UTF-8"?>
<!DOCTYPE html PUBLIC "-//W3C//DTD XHTML 1.0 Transitional//EN"
    "http://www.w3.org/TR/xhtml1/DTD/xhtml1-transitional.dtd">
<html xmlns="http://www.w3.org/1999/xhtml" xml:lang="en" lang="en">
 <head>
  <title>
</title>
<meta http-equiv="Content-Type" content="text/html;charset=utf-8" />
  <meta name='ocr-system' content='tesseract 3.04.00' />
  <meta name='ocr-capabilities' content='ocr_page ocr_carea ocr_par ocr_line ocrx_word'/>
</head>
<body>
  <div class='ocr_page' id='page_1' title='image "./memoriaheusdii00rovegoog_0048.png"; bbox 0 0 2875 5075; ppageno 0'>
   <div class='ocr_carea' id='block_1_1' title="bbox 628 534 669 597">
    <p class='ocr_par' dir='ltr' id='par_1_1' title="bbox 628 534 669 597">
     <span class='ocr_line' id='line_1_1' title="bbox 628 534 669 597; baseline -0.024 0"><span class='ocrx_word' id='word_1_1' title='bbox 628 534 669 597; x_wconf 80' lang='lat' dir='ltr'><strong>et</strong></span> 
     </span>
    </p>
   </div>
   <div class='ocr_carea' id='block_1_2' title="bbox 38 702 1228 3530">
    <p class='ocr_par' dir='ltr' id='par_1_2' title="bbox 38 702 1167 2845">
     <span class='ocr_line' id='line_1_2' title="bbox 139 702 1167 793; baseline 0.003 -24"><span class='ocrx_word' id='word_1_2' title='bbox 139 726 156 768; x_wconf 90' lang='lat' dir='ltr'><strong>e</strong></span> <span class='ocrx_word' id='word_1_3' title='bbox 186 703 371 769; x_wconf 85' lang='lat' dir='ltr'><strong>Ruhnkenii</strong></span> <span class='ocrx_word' id='word_1_4' title='bbox 412 702 536 771; x_wconf 85' lang='lat' dir='ltr'><strong>schedis</strong></span> <span class='ocrx_word' id='word_1_5' title='bbox 582 705 636 772; x_wconf 87' lang='lat' dir='ltr'><strong>hie</strong></span> <span class='ocrx_word' id='word_1_6' title='bbox 667 706 737 771; x_wconf 90' lang='lat' dir='ltr'><strong>illic</strong></span> <span class='ocrx_word' id='word_1_7' title='bbox 768 707 1020 793; x_wconf 78' lang='lat' dir='ltr'><strong>locupletatam,</strong></span> <span class='ocrx_word' id='word_1_8' title='bbox 1069 707 1167 772; x_wconf 89' lang='lat' dir='ltr'><strong>edere</strong></span> 
     </span>
     <span class='ocr_line' id='line_1_3' title="bbox 138 819 1166 907; baseline 0.002 -24"><span class='ocrx_word' id='word_1_9' title='bbox 138 820 323 900; x_wconf 89' lang='lat' dir='ltr'><strong>constituit,</strong></span> <span class='ocrx_word' id='word_1_10' title='bbox 347 819 617 907; x_wconf 75' lang='lat' dir='ltr'><strong>collationemque</strong></span> <span class='ocrx_word' id='word_1_11' title='bbox 645 832 677 885; x_wconf 88' lang='lat' dir='ltr'><strong>et</strong></span> <span class='ocrx_word' id='word_1_12' title='bbox 705 820 970 885; x_wconf 83' lang='lat' dir='ltr'><strong>Ruhnheciaaam</strong></span> <span class='ocrx_word' id='word_1_13' title='bbox 997 820 1166 906; x_wconf 73' lang='lat' dir='ltr'><strong>sophistae</strong></span> 
     </span>
     <span class='ocr_line' id='line_1_4' title="bbox 137 934 1167 1021; baseline 0.003 -23"><span class='ocrx_word' id='word_1_14' title='bbox 137 944 235 1021; x_wconf 86' lang='lat' dir='ltr'><strong>atque</strong></span> <span class='ocrx_word' id='word_1_15' title='bbox 254 936 352 1020; x_wconf 84' lang='lat' dir='ltr'><strong>partia</strong></span> <span class='ocrx_word' id='word_1_16' title='bbox 380 935 573 1021; x_wconf 78' lang='lat' dir='ltr'><strong>Protagorae</strong></span> <span class='ocrx_word' id='word_1_17' title='bbox 604 956 679 1000; x_wconf 91' lang='lat' dir='ltr'><strong>cum</strong></span> <span class='ocrx_word' id='word_1_18' title='bbox 712 934 829 1001; x_wconf 87' lang='lat' dir='ltr'><strong>Codice</strong></span> <span class='ocrx_word' id='word_1_19' title='bbox 859 936 1027 1000; x_wconf 86' lang='lat' dir='ltr'><strong>Parisieusi</strong></span> <span class='ocrx_word' id='word_1_20' title='bbox 1058 947 1091 1000; x_wconf 88' lang='lat' dir='ltr'><strong>et</strong></span> <span class='ocrx_word' id='word_1_21' title='bbox 1112 957 1167 1001; x_wconf 87' lang='lat' dir='ltr'><strong>su·</strong></span> 
     </span>
     <span class='ocr_line' id='line_1_5' title="bbox 136 1048 1167 1135; baseline 0.002 -24"><span class='ocrx_word' id='word_1_22' title='bbox 136 1068 188 1111; x_wconf 91' lang='lat' dir='ltr'><strong>am</strong></span> <span class='ocrx_word' id='word_1_23' title='bbox 206 1048 317 1113; x_wconf 82' lang='lat' dir='ltr'><strong>Minois</strong></span> <span class='ocrx_word' id='word_1_24' title='bbox 335 1060 432 1134; x_wconf 90' lang='lat' dir='ltr'><strong>atque</strong></span> <span class='ocrx_word' id='word_1_25' title='bbox 451 1048 606 1112; x_wconf 89' lang='lat' dir='ltr'><strong>librorum</strong></span> <span class='ocrx_word' id='word_1_26' title='bbox 629 1048 669 1113; x_wconf 92' lang='lat' dir='ltr'><strong>de</strong></span> <span class='ocrx_word' id='word_1_27' title='bbox 693 1049 831 1135; x_wconf 77' lang='lat' dir='ltr'><strong>Legibus</strong></span> <span class='ocrx_word' id='word_1_28' title='bbox 861 1071 937 1114; x_wconf 91' lang='lat' dir='ltr'><strong>cum</strong></span> <span class='ocrx_word' id='word_1_29' title='bbox 964 1049 1082 1115; x_wconf 82' lang='lat' dir='ltr'><strong>Codice</strong></span> <span class='ocrx_word' id='word_1_30' title='bbox 1110 1050 1167 1113; x_wconf 88' lang='lat' dir='ltr'><strong>hi·</strong></span> 
     </span>
     <span class='ocr_line' id='line_1_6' title="bbox 136 1156 1166 1246; baseline 0.002 -21"><span class='ocrx_word' id='word_1_31' title='bbox 136 1156 320 1227; x_wconf 80' lang='lat' dir='ltr'><strong>blicthecce</strong></span> <span class='ocrx_word' id='word_1_32' title='bbox 355 1161 518 1227; x_wconf 83' lang='lat' dir='ltr'><strong>Leidensis</strong></span> <span class='ocrx_word' id='word_1_33' title='bbox 552 1162 705 1231; x_wconf 81' lang='lat' dir='ltr'><strong>Vossianc</strong></span> <span class='ocrx_word' id='word_1_34' title='bbox 736 1162 877 1246; x_wconf 87' lang='lat' dir='ltr'><strong>adjicere</strong></span> <span class='ocrx_word' id='word_1_35' title='bbox 913 1162 1067 1229; x_wconf 82' lang='lat' dir='ltr'><strong>decrerit.</strong></span> <span class='ocrx_word' id='word_1_36' title='bbox 1110 1164 1166 1227; x_wconf 83' lang='lat' dir='ltr'><strong>Sic</strong></span> 
     </span>
     <span class='ocr_line' id='line_1_7' title="bbox 136 1275 1166 1363; baseline 0.004 -24"><span class='ocrx_word' id='word_1_37' title='bbox 136 1276 255 1340; x_wconf 82' lang='lat' dir='ltr'><strong>exstitit</strong></span> <span class='ocrx_word' id='word_1_38' title='bbox 295 1275 467 1341; x_wconf 79' lang='lat' dir='ltr'><strong>Critioum</strong></span> <span class='ocrx_word' id='word_1_39' title='bbox 505 1279 544 1340; x_wconf 78' lang='lat' dir='ltr'><strong>irs</strong></span> <span class='ocrx_word' id='word_1_40' title='bbox 581 1275 765 1341; x_wconf 75' lang='lat' dir='ltr'><strong>Platonem</strong></span> <span class='ocrx_word' id='word_1_41' title='bbox 801 1275 993 1363; x_wconf 63' lang='lat' dir='ltr'><strong>Spectmen,</strong></span> <span class='ocrx_word' id='word_1_42' title='bbox 1041 1277 1166 1343; x_wconf 80' lang='lat' dir='ltr'><strong>diversa</strong></span> 
     </span>
     <span class='ocr_line' id='line_1_8' title="bbox 135 1389 1165 1479; baseline 0.002 -26"><span class='ocrx_word' id='word_1_43' title='bbox 135 1409 332 1475; x_wconf 87' lang='lat' dir='ltr'><strong>persequens</strong></span> <span class='ocrx_word' id='word_1_44' title='bbox 355 1412 392 1454; x_wconf 85' lang='lat' dir='ltr'><strong>ex</strong></span> <span class='ocrx_word' id='word_1_45' title='bbox 416 1390 455 1453; x_wconf 93' lang='lat' dir='ltr'><strong>iis</strong></span> <span class='ocrx_word' id='word_1_46' title='bbox 479 1392 615 1455; x_wconf 83' lang='lat' dir='ltr'><strong>maxime</strong></span> <span class='ocrx_word' id='word_1_47' title='bbox 643 1391 779 1479; x_wconf 75' lang='lat' dir='ltr'><strong>dialogis</strong></span> <span class='ocrx_word' id='word_1_48' title='bbox 803 1392 895 1469; x_wconf 90' lang='lat' dir='ltr'><strong>loca,</strong></span> <span class='ocrx_word' id='word_1_49' title='bbox 926 1392 983 1476; x_wconf 90' lang='lat' dir='ltr'><strong>qui</strong></span> <span class='ocrx_word' id='word_1_50' title='bbox 1018 1389 1165 1455; x_wconf 90' lang='lat' dir='ltr'><strong>editionis</strong></span> 
     </span>
     <span class='ocr_line' id='line_1_9' title="bbox 135 1490 1164 1589; baseline 0 -22"><span class='ocrx_word' id='word_1_51' title='bbox 135 1490 368 1588; x_wconf 86' lang='lat' dir='ltr'><strong>Stephanianae</strong></span> <span class='ocrx_word' id='word_1_52' title='bbox 387 1515 478 1589; x_wconf 89' lang='lat' dir='ltr'><strong>parte</strong></span> <span class='ocrx_word' id='word_1_53' title='bbox 498 1504 604 1589; x_wconf 90' lang='lat' dir='ltr'><strong>priore</strong></span> <span class='ocrx_word' id='word_1_54' title='bbox 623 1514 770 1584; x_wconf 75' lang='lat' dir='ltr'><strong>exstant,</strong></span> <span class='ocrx_word' id='word_1_55' title='bbox 793 1516 825 1569; x_wconf 89' lang='lat' dir='ltr'><strong>et</strong></span> <span class='ocrx_word' id='word_1_56' title='bbox 849 1505 929 1569; x_wconf 89' lang='lat' dir='ltr'><strong>haec</strong></span> <span class='ocrx_word' id='word_1_57' title='bbox 947 1506 998 1568; x_wconf 79' lang='lat' dir='ltr'><strong>vel</strong></span> <span class='ocrx_word' id='word_1_58' title='bbox 1015 1505 1079 1569; x_wconf 88' lang='lat' dir='ltr'><strong>alia</strong></span> <span class='ocrx_word' id='word_1_59' title='bbox 1097 1505 1164 1569; x_wconf 91' lang='lat' dir='ltr'><strong>ccl-</strong></span> 
     </span>
     <span class='ocr_line' id='line_1_10' title="bbox 134 1616 1164 1715; baseline 0.002 -35"><span class='ocrx_word' id='word_1_60' title='bbox 134 1618 337 1703; x_wconf 76' lang='lat' dir='ltr'><strong>loquentium</strong></span> <span class='ocrx_word' id='word_1_61' title='bbox 353 1616 555 1682; x_wconf 89' lang='lat' dir='ltr'><strong>distincticne</strong></span> <span class='ocrx_word' id='word_1_62' title='bbox 566 1632 584 1697; x_wconf 78' lang='lat'><strong>,&#39;</strong></span> <span class='ocrx_word' id='word_1_63' title='bbox 601 1619 651 1682; x_wconf 84' lang='lat' dir='ltr'><strong>rel</strong></span> <span class='ocrx_word' id='word_1_64' title='bbox 664 1620 852 1715; x_wconf 31' lang='lat' dir='ltr'><strong>&#39;mutatione</strong></span> <span class='ocrx_word' id='word_1_65' title='bbox 868 1619 995 1705; x_wconf 88' lang='lat' dir='ltr'><strong>aliqua,</strong></span> <span class='ocrx_word' id='word_1_66' title='bbox 1019 1618 1070 1681; x_wconf 82' lang='lat' dir='ltr'><strong>vel</strong></span> <span class='ocrx_word' id='word_1_67' title='bbox 1081 1618 1164 1682; x_wconf 85' lang='lat' dir='ltr'><strong>alic-</strong></span> 
     </span>
     <span class='ocr_line' id='line_1_11' title="bbox 134 1731 1165 1819; baseline 0.003 -25"><span class='ocrx_word' id='word_1_68' title='bbox 134 1752 205 1794; x_wconf 88' lang='lat' dir='ltr'><strong>rum</strong></span> <span class='ocrx_word' id='word_1_69' title='bbox 235 1732 426 1815; x_wconf 86' lang='lat' dir='ltr'><strong>scriptcrum</strong></span> <span class='ocrx_word' id='word_1_70' title='bbox 457 1752 538 1809; x_wconf 87' lang='lat' dir='ltr'><strong>usu,</strong></span> <span class='ocrx_word' id='word_1_71' title='bbox 572 1732 622 1795; x_wconf 85' lang='lat' dir='ltr'><strong>vel</strong></span> <span class='ocrx_word' id='word_1_72' title='bbox 639 1731 819 1798; x_wconf 82' lang='lat' dir='ltr'><strong>dictionum</strong></span> <span class='ocrx_word' id='word_1_73' title='bbox 837 1744 937 1819; x_wconf 89' lang='lat' dir='ltr'><strong>atque</strong></span> <span class='ocrx_word' id='word_1_74' title='bbox 952 1733 1165 1798; x_wconf 87' lang='lat' dir='ltr'><strong>constructio-</strong></span> 
     </span>
     <span class='ocr_line' id='line_1_12' title="bbox 133 1845 1164 1926; baseline 0 -17"><span class='ocrx_word' id='word_1_75' title='bbox 133 1866 211 1909; x_wconf 89' lang='lat' dir='ltr'><strong>num</strong></span> <span class='ocrx_word' id='word_1_76' title='bbox 230 1845 711 1911; x_wconf 65' lang='lat' dir='ltr'><strong>Platonicarum.observatione</strong></span> <span class='ocrx_word' id='word_1_77' title='bbox 729 1857 871 1925; x_wconf 89' lang='lat' dir='ltr'><strong>tentans,</strong></span> <span class='ocrx_word' id='word_1_78' title='bbox 894 1846 1164 1926; x_wconf 81' lang='lat' dir='ltr'><strong>illustrans,rin·</strong></span> 
     </span>
     <span class='ocr_line' id='line_1_13' title="bbox 134 1936 1162 2053; baseline 0 -30"><span class='ocrx_word' id='word_1_79' title='bbox 134 1958 254 2025; x_wconf 88' lang='lat' dir='ltr'><strong>dicans.</strong></span> <span class='ocrx_word' id='word_1_80' title='bbox 274 1956 299 2046; x_wconf 88' lang='lat'><strong>¹)</strong></span> <span class='ocrx_word' id='word_1_81' title='bbox 324 1960 390 2053; x_wconf 28' lang='lat' dir='ltr'><strong>‚His</strong></span> <span class='ocrx_word' id='word_1_82' title='bbox 412 1968 520 2024; x_wconf 87' lang='lat' dir='ltr'><strong>autem</strong></span> <span class='ocrx_word' id='word_1_83' title='bbox 545 1936 715 2046; x_wconf 83' lang='lat' dir='ltr'><strong>praemissa</strong></span> <span class='ocrx_word' id='word_1_84' title='bbox 735 1972 782 2026; x_wconf 88' lang='lat' dir='ltr'><strong>est</strong></span> <span class='ocrx_word' id='word_1_85' title='bbox 800 1961 976 2047; x_wconf 86' lang='lat' dir='ltr'><strong>praelatio,</strong></span> <span class='ocrx_word' id='word_1_86' title='bbox 1000 1960 1093 2043; x_wconf 88' lang='lat' dir='ltr'><strong>cujus</strong></span> <span class='ocrx_word' id='word_1_87' title='bbox 1110 1981 1162 2026; x_wconf 89' lang='lat' dir='ltr'><strong>me</strong></span> 
     </span>
     <span class='ocr_line' id='line_1_14' title="bbox 133 2073 1160 2161; baseline 0 -24"><span class='ocrx_word' id='word_1_88' title='bbox 133 2075 237 2139; x_wconf 87' lang='lat' dir='ltr'><strong>minus</strong></span> <span class='ocrx_word' id='word_1_89' title='bbox 254 2074 413 2161; x_wconf 78' lang='lat' dir='ltr'><strong>elegantia</strong></span> <span class='ocrx_word' id='word_1_90' title='bbox 432 2085 523 2153; x_wconf 86' lang='lat' dir='ltr'><strong>tenet</strong></span> <span class='ocrx_word' id='word_1_91' title='bbox 536 2095 638 2160; x_wconf 91' lang='lat' dir='ltr'><strong>quam·</strong></span> <span class='ocrx_word' id='word_1_92' title='bbox 653 2087 851 2139; x_wconf 90' lang='lat' dir='ltr'><strong>momentum</strong></span> <span class='ocrx_word' id='word_1_93' title='bbox 861 2073 902 2139; x_wconf 89' lang='lat' dir='ltr'><strong>ad</strong></span> <span class='ocrx_word' id='word_1_94' title='bbox 920 2075 1085 2159; x_wconf 83' lang='lat' dir='ltr'><strong>scriptoris</strong></span> <span class='ocrx_word' id='word_1_95' title='bbox 1101 2074 1160 2137; x_wconf 93' lang='lat' dir='ltr'><strong>illc</strong></span> 
     </span>
     <span class='ocr_line' id='line_1_15' title="bbox 135 2188 1163 2282; baseline 0 -31"><span class='ocrx_word' id='word_1_96' title='bbox 135 2200 279 2273; x_wconf 89' lang='lat' dir='ltr'><strong>tempore</strong></span> <span class='ocrx_word' id='word_1_97' title='bbox 301 2188 535 2282; x_wconf 66' lang='lat' dir='ltr'><strong>cognitionem</strong></span> <span class='ocrx_word' id='word_1_98' title='bbox 569 2200 638 2253; x_wconf 90' lang='lat' dir='ltr'><strong>tum</strong></span> <span class='ocrx_word' id='word_1_99' title='bbox 665 2211 740 2255; x_wconf 85' lang='lat' dir='ltr'><strong>rere</strong></span> <span class='ocrx_word' id='word_1_100' title='bbox 769 2189 963 2275; x_wconf 88' lang='lat' dir='ltr'><strong>opusculum</strong></span> <span class='ocrx_word' id='word_1_101' title='bbox 992 2188 1163 2252; x_wconf 81' lang='lat' dir='ltr'><strong>comitatur</strong></span> 
     </span>
     <span class='ocr_line' id='line_1_16' title="bbox 42 2300 1163 2389; baseline -0.002 -23"><span class='ocrx_word' id='word_1_102' title='bbox 42 2340 46 2353; x_wconf 59' lang='grc' dir='ltr'><em>ι</em></span> <span class='ocrx_word' id='word_1_103' title='bbox 132 2301 375 2388; x_wconf 79' lang='lat' dir='ltr'><strong>Wyttenhachii</strong></span> <span class='ocrx_word' id='word_1_104' title='bbox 392 2301 433 2366; x_wconf 93' lang='lat' dir='ltr'><strong>ad</strong></span> <span class='ocrx_word' id='word_1_105' title='bbox 452 2300 630 2367; x_wconf 85' lang='lat' dir='ltr'><strong>Heusdium</strong></span> <span class='ocrx_word' id='word_1_106' title='bbox 647 2303 809 2389; x_wconf 78' lang='lat' dir='ltr'><strong>Epistola,</strong></span> <span class='ocrx_word' id='word_1_107' title='bbox 834 2324 899 2389; x_wconf 90' lang='lat' dir='ltr'><strong>qua</strong></span> <span class='ocrx_word' id='word_1_108' title='bbox 913 2301 967 2366; x_wconf 88' lang='lat' dir='ltr'><strong>hic</strong></span> <span class='ocrx_word' id='word_1_109' title='bbox 980 2301 1033 2365; x_wconf 86' lang='lat' dir='ltr'><strong>nil</strong></span> <span class='ocrx_word' id='word_1_110' title='bbox 1050 2300 1110 2365; x_wconf 89' lang='lat' dir='ltr'><strong>sihi</strong></span> <span class='ocrx_word' id='word_1_111' title='bbox 1127 2302 1163 2365; x_wconf 93' lang='lat' dir='ltr'><strong>iu</strong></span> 
     </span>
     <span class='ocr_line' id='line_1_17' title="bbox 130 2414 1163 2503; baseline -0.002 -24"><span class='ocrx_word' id='word_1_112' title='bbox 130 2418 194 2480; x_wconf 85' lang='lat' dir='ltr'><strong>rita</strong></span> <span class='ocrx_word' id='word_1_113' title='bbox 210 2417 330 2503; x_wconf 84' lang='lat' dir='ltr'><strong>gratius</strong></span> <span class='ocrx_word' id='word_1_114' title='bbox 341 2414 583 2503; x_wconf 82' lang='lat' dir='ltr'><strong>jucundiusque</strong></span> <span class='ocrx_word' id='word_1_115' title='bbox 600 2417 754 2481; x_wconf 86' lang='lat' dir='ltr'><strong>accidisse</strong></span> <span class='ocrx_word' id='word_1_116' title='bbox 780 2417 949 2482; x_wconf 79' lang='lat' dir='ltr'><strong>fatebatur.</strong></span> <span class='ocrx_word' id='word_1_117' title='bbox 957 2415 992 2500; x_wconf 54' lang='grc' dir='ltr'><strong>Α)</strong></span> <span class='ocrx_word' id='word_1_118' title='bbox 1023 2415 1163 2479; x_wconf 89' lang='lat' dir='ltr'><strong>Placue-</strong></span> 
     </span>
     <span class='ocr_line' id='line_1_18' title="bbox 127 2508 1162 2615; baseline -0.006 -19"><span class='ocrx_word' id='word_1_119' title='bbox 127 2543 204 2596; x_wconf 86' lang='lat' dir='ltr'><strong>ruut</strong></span> <span class='ocrx_word' id='word_1_120' title='bbox 220 2553 283 2594; x_wconf 84' lang='lat' dir='ltr'><strong>eae</strong></span> <span class='ocrx_word' id='word_1_121' title='bbox 304 2508 483 2596; x_wconf 87' lang='lat' dir='ltr'><strong>studiorum</strong></span> <span class='ocrx_word' id='word_1_122' title='bbox 504 2530 664 2614; x_wconf 83' lang='lat' dir='ltr'><strong>primitiae</strong></span> <span class='ocrx_word' id='word_1_123' title='bbox 690 2530 947 2615; x_wconf 86' lang='lat' dir='ltr'><strong>intelligentibus</strong></span> <span class='ocrx_word' id='word_1_124' title='bbox 966 2527 1081 2592; x_wconf 89' lang='lat' dir='ltr'><strong>harum</strong></span> <span class='ocrx_word' id='word_1_125' title='bbox 1111 2548 1162 2590; x_wconf 87' lang='lat' dir='ltr'><strong>re-</strong></span> 
     </span>
     <span class='ocr_line' id='line_1_19' title="bbox 51 2640 1161 2728; baseline -0.003 -21"><span class='ocrx_word' id='word_1_126' title='bbox 51 2679 55 2686; x_wconf 91' lang='lat'><strong>·</strong></span> <span class='ocrx_word' id='word_1_127' title='bbox 126 2665 202 2707; x_wconf 89' lang='lat' dir='ltr'><strong>rum</strong></span> <span class='ocrx_word' id='word_1_128' title='bbox 234 2654 266 2707; x_wconf 89' lang='lat' dir='ltr'><strong>et</strong></span> <span class='ocrx_word' id='word_1_129' title='bbox 295 2642 526 2728; x_wconf 87' lang='lat' dir='ltr'><strong>popularibus,</strong></span> <span class='ocrx_word' id='word_1_130' title='bbox 558 2643 665 2728; x_wconf 87' lang='lat' dir='ltr'><strong>parcis</strong></span> <span class='ocrx_word' id='word_1_131' title='bbox 693 2653 772 2706; x_wconf 88' lang='lat' dir='ltr'><strong>tuuc</strong></span> <span class='ocrx_word' id='word_1_132' title='bbox 800 2642 940 2707; x_wconf 85' lang='lat' dir='ltr'><strong>Platonis</strong></span> <span class='ocrx_word' id='word_1_133' title='bbox 959 2640 1161 2719; x_wconf 88' lang='lat' dir='ltr'><strong>cultoribus,</strong></span> 
     </span>
     <span class='ocr_line' id='line_1_20' title="bbox 38 2749 1160 2845; baseline -0.001 -24"><span class='ocrx_word' id='word_1_134' title='bbox 38 2749 40 2752; x_wconf 59' lang='grc'><strong>’</strong></span> <span class='ocrx_word' id='word_1_135' title='bbox 128 2769 160 2822; x_wconf 90' lang='lat' dir='ltr'><strong>et</strong></span> <span class='ocrx_word' id='word_1_136' title='bbox 178 2758 311 2838; x_wconf 80' lang='lat' dir='ltr'><strong>exteris3</strong></span> <span class='ocrx_word' id='word_1_137' title='bbox 340 2778 478 2845; x_wconf 79' lang='lat' dir='ltr'><strong>quorum</strong></span> <span class='ocrx_word' id='word_1_138' title='bbox 488 2757 641 2822; x_wconf 83' lang='lat' dir='ltr'><strong>Germani</strong></span> <span class='ocrx_word' id='word_1_139' title='bbox 657 2767 723 2820; x_wconf 88' lang='lat' dir='ltr'><strong>tam</strong></span> <span class='ocrx_word' id='word_1_140' title='bbox 739 2755 959 2843; x_wconf 88' lang='lat' dir='ltr'><strong>philosophiae</strong></span> <span class='ocrx_word' id='word_1_141' title='bbox 978 2754 1065 2841; x_wconf 90' lang='lat' dir='ltr'><strong>apud</strong></span> <span class='ocrx_word' id='word_1_142' title='bbox 1075 2756 1160 2841; x_wconf 84' lang='lat' dir='ltr'><strong>ipsos</strong></span> 
     </span>
    </p>

    <p class='ocr_par' dir='ltr' id='par_1_3' title="bbox 96 2868 1228 3530">
     <span class='ocr_line' id='line_1_21' title="bbox 96 2868 1178 2958; baseline 0.004 -28"><span class='ocrx_word' id='word_1_143' title='bbox 96 2921 100 2930; x_wconf 92' lang='lat'>.</span> <span class='ocrx_word' id='word_1_144' title='bbox 129 2870 312 2937; x_wconf 87' lang='lat' dir='ltr'><strong>conditione</strong></span> <span class='ocrx_word' id='word_1_145' title='bbox 331 2892 428 2958; x_wconf 90' lang='lat' dir='ltr'><strong>quam</strong></span> <span class='ocrx_word' id='word_1_146' title='bbox 454 2868 649 2949; x_wconf 83' lang='lat' dir='ltr'><strong>Heindcriii,</strong></span> <span class='ocrx_word' id='word_1_147' title='bbox 683 2868 991 2949; x_wconf 86' lang='lat' dir='ltr'><strong>Schleiermacheri,</strong></span> <span class='ocrx_word' id='word_1_148' title='bbox 1022 2869 1104 2934; x_wconf 73' lang='lat' dir='ltr'><strong>usui</strong></span> <span class='ocrx_word' id='word_1_149' title='bbox 1126 2870 1178 2934; x_wconf 87' lang='lat' dir='ltr'><strong>in&#39;</strong></span> 
     </span>
     <span class='ocr_line' id='line_1_22' title="bbox 128 2983 1161 3073; baseline -0.004 -23"><span class='ocrx_word' id='word_1_150' title='bbox 128 2987 238 3073; x_wconf 85' lang='lat' dir='ltr'><strong>primia</strong></span> <span class='ocrx_word' id='word_1_151' title='bbox 277 2986 423 3070; x_wconf 82' lang='lat' dir='ltr'><strong>exemplc</strong></span> <span class='ocrx_word' id='word_1_152' title='bbox 466 2984 590 3050; x_wconf 86' lang='lat' dir='ltr'><strong>incitati</strong></span> <span class='ocrx_word' id='word_1_153' title='bbox 627 2983 814 3071; x_wconf 87' lang='lat' dir='ltr'><strong>diligentius</strong></span> <span class='ocrx_word' id='word_1_154' title='bbox 848 2984 1014 3048; x_wconf 89' lang='lat' dir='ltr'><strong>Platonem</strong></span> <span class='ocrx_word' id='word_1_155' title='bbox 1056 2995 1161 3048; x_wconf 87' lang='lat' dir='ltr'><strong>terere</strong></span> 
     </span>
     <span class='ocr_line' id='line_1_23' title="bbox 129 3097 1156 3187; baseline -0.004 -22"><span class='ocrx_word' id='word_1_156' title='bbox 129 3109 313 3186; x_wconf 87' lang='lat' dir='ltr'><strong>coeperant.</strong></span> <span class='ocrx_word' id='word_1_157' title='bbox 337 3098 361 3187; x_wconf 78' lang='lat'><strong>³)</strong></span> <span class='ocrx_word' id='word_1_158' title='bbox 394 3101 435 3164; x_wconf 84' lang='lat' dir='ltr'><strong>Et</strong></span> <span class='ocrx_word' id='word_1_159' title='bbox 453 3099 598 3185; x_wconf 87' lang='lat' dir='ltr'><strong>prolecto</strong></span> <span class='ocrx_word' id='word_1_160' title='bbox 617 3097 705 3186; x_wconf 90' lang='lat' dir='ltr'><strong>quod</strong></span> <span class='ocrx_word' id='word_1_161' title='bbox 724 3097 806 3162; x_wconf 87' lang='lat' dir='ltr'><strong>Frid.</strong></span> <span class='ocrx_word' id='word_1_162' title='bbox 822 3099 989 3164; x_wconf 73' lang='lat' dir='ltr'><strong>trocheius</strong></span> <span class='ocrx_word' id='word_1_163' title='bbox 1006 3097 1082 3162; x_wconf 88' lang='lat' dir='ltr'><strong>tulit</strong></span> <span class='ocrx_word' id='word_1_164' title='bbox 1096 3097 1156 3180; x_wconf 86' lang='lat' dir='ltr'><strong>ju·</strong></span> 
     </span>
     <span class='ocr_line' id='line_1_24' title="bbox 128 3202 1228 3300; baseline -0.006 -21"><span class='ocrx_word' id='word_1_165' title='bbox 128 3202 269 3294; x_wconf 87' lang='lat' dir='ltr'><strong>dicium,</strong></span> <span class='ocrx_word' id='word_1_166' title='bbox 295 3235 471 3300; x_wconf 83' lang='lat' dir='ltr'><strong>«magnam</strong></span> <span class='ocrx_word' id='word_1_167' title='bbox 498 3214 533 3276; x_wconf 94' lang='lat' dir='ltr'><strong>in</strong></span> <span class='ocrx_word' id='word_1_168' title='bbox 559 3235 597 3278; x_wconf 90' lang='lat' dir='ltr'><strong>ec</strong></span> <span class='ocrx_word' id='word_1_169' title='bbox 621 3211 734 3276; x_wconf 92' lang='lat' dir='ltr'><strong>libello</strong></span> <span class='ocrx_word' id='word_1_170' title='bbox 752 3213 818 3275; x_wconf 83' lang='lat' dir='ltr'><strong>rim</strong></span> <span class='ocrx_word' id='word_1_171' title='bbox 844 3232 912 3275; x_wconf 82' lang='lat' dir='ltr'><strong>esee</strong></span> <span class='ocrx_word' id='word_1_172' title='bbox 941 3211 1158 3296; x_wconf 82' lang='lat' dir='ltr'><strong>exquisitioris</strong></span> <span class='ocrx_word' id='word_1_173' title='bbox 1219 3262 1228 3272; x_wconf 96' lang='lat'><em>.</em></span> 
     </span>
     <span class='ocr_line' id='line_1_25' title="bbox 127 3321 1159 3412; baseline -0.01 -19"><span class='ocrx_word' id='word_1_174' title='bbox 127 3329 458 3409; x_wconf 84' lang='lat' dir='ltr'><strong>doctrinae,1i1ultum</strong></span> <span class='ocrx_word' id='word_1_175' title='bbox 476 3328 652 3406; x_wconf 85' lang='lat' dir='ltr'><strong>acuminis,</strong></span> <span class='ocrx_word' id='word_1_176' title='bbox 665 3327 825 3412; x_wconf 89' lang='lat' dir='ltr'><strong>insignem</strong></span> <span class='ocrx_word' id='word_1_177' title='bbox 838 3325 986 3389; x_wconf 83' lang='lat' dir='ltr'><strong>felicium</strong></span> <span class='ocrx_word' id='word_1_178' title='bbox 1000 3321 1159 3386; x_wconf 84' lang='lat' dir='ltr'><strong>emenda-</strong></span> 
     </span>
     <span class='ocr_line' id='line_1_26' title="bbox 126 3434 1158 3530; baseline -0.011 -22"><span class='ocrx_word' id='word_1_179' title='bbox 126 3444 252 3508; x_wconf 87' lang='lat' dir='ltr'><strong>tionum</strong></span> <span class='ocrx_word' id='word_1_180' title='bbox 263 3443 386 3530; x_wconf 88' lang='lat' dir='ltr'><strong>ccpiam</strong></span> <span class='ocrx_word' id='word_1_181' title='bbox 400 3491 409 3522; x_wconf 89' lang='lat'><strong>,</strong></span> <span class='ocrx_word' id='word_1_182' title='bbox 421 3454 458 3507; x_wconf 88' lang='lat' dir='ltr'><strong>ut</strong></span> <span class='ocrx_word' id='word_1_183' title='bbox 468 3443 609 3508; x_wconf 83' lang='lat' dir='ltr'><strong>incertus</strong></span> <span class='ocrx_word' id='word_1_184' title='bbox 625 3439 772 3504; x_wconf 88' lang='lat' dir='ltr'><strong>haereret</strong></span> <span class='ocrx_word' id='word_1_185' title='bbox 784 3488 794 3520; x_wconf 93' lang='lat'><strong>,</strong></span> <span class='ocrx_word' id='word_1_186' title='bbox 806 3438 886 3526; x_wconf 90' lang='lat' dir='ltr'><strong>quid</strong></span> <span class='ocrx_word' id='word_1_187' title='bbox 902 3438 1003 3524; x_wconf 87' lang='lat' dir='ltr'><strong>magis</strong></span> <span class='ocrx_word' id='word_1_188' title='bbox 1021 3434 1158 3501; x_wconf 90' lang='lat' dir='ltr'><strong>admira·</strong></span> 
     </span>
    </p>
   </div>
   <div class='ocr_carea' id='block_1_3' title="bbox 110 3725 1231 4313">
    <p class='ocr_par' dir='ltr' id='par_1_4' title="bbox 110 3725 1158 3984">
     <span class='ocr_line' id='line_1_27' title="bbox 160 3725 1158 3812; baseline -0.007 -17"><span class='ocrx_word' id='word_1_189' title='bbox 160 3744 187 3812; x_wconf 77' lang='lat'><strong>1)</strong></span> <span class='ocrx_word' id='word_1_190' title='bbox 205 3747 287 3796; x_wconf 71' lang='lat' dir='ltr'><strong>crass.</strong></span> <span class='ocrx_word' id='word_1_191' title='bbox 315 3745 346 3794; x_wconf 75' lang='lat' dir='ltr'><strong>aa</strong></span> <span class='ocrx_word' id='word_1_192' title='bbox 373 3745 444 3810; x_wconf 66' lang='lat' dir='ltr'><strong>epac.</strong></span> <span class='ocrx_word' id='word_1_193' title='bbox 471 3725 537 3791; x_wconf 69' lang='lat' dir='ltr'><strong>orn</strong></span> <span class='ocrx_word' id='word_1_194' title='bbox 560 3759 584 3809; x_wconf 76' lang='lat' dir='ltr'><strong>p.</strong></span> <span class='ocrx_word' id='word_1_195' title='bbox 607 3743 676 3791; x_wconf 82' lang='lat' dir='ltr'><strong>nn.</strong></span> <span class='ocrx_word' id='word_1_196' title='bbox 701 3739 1158 3805; x_wconf 67' lang='lat' dir='ltr'><strong>connum.aso1.cre.r11‚s.</strong></span> 
     </span>
     <span class='ocr_line' id='line_1_28' title="bbox 126 3829 985 3896; baseline -0.01 1"><span class='ocrx_word' id='word_1_197' title='bbox 126 3829 168 3882; x_wconf 78' lang='lat'><strong>⁶⁷·</strong></span> <span class='ocrx_word' id='word_1_198' title='bbox 188 3847 244 3896; x_wconf 72' lang='lat'><strong>⁸‹111-</strong></span> <span class='ocrx_word' id='word_1_199' title='bbox 814 3831 822 3846; x_wconf 82' lang='lat'><em>&#39;</em></span> <span class='ocrx_word' id='word_1_200' title='bbox 982 3838 985 3847; x_wconf 89' lang='lat'>·</span> 
     </span>
     <span class='ocr_line' id='line_1_29' title="bbox 110 3913 557 3984; baseline -0.011 -16"><span class='ocrx_word' id='word_1_201' title='bbox 110 3935 113 3940; x_wconf 66' lang='grc'><strong><em>’</em></strong></span> <span class='ocrx_word' id='word_1_202' title='bbox 160 3916 187 3982; x_wconf 78' lang='lat'><strong>2)</strong></span> <span class='ocrx_word' id='word_1_203' title='bbox 207 3919 295 3981; x_wconf 80' lang='lat' dir='ltr'><strong>Epist.</strong></span> <span class='ocrx_word' id='word_1_204' title='bbox 310 3915 345 3965; x_wconf 84' lang='lat' dir='ltr'><strong>cd</strong></span> <span class='ocrx_word' id='word_1_205' title='bbox 363 3916 455 3984; x_wconf 59' lang='lat' dir='ltr'><strong>Oreus.</strong></span> <span class='ocrx_word' id='word_1_206' title='bbox 475 3932 499 3980; x_wconf 92' lang='lat' dir='ltr'><strong>p.</strong></span> <span class='ocrx_word' id='word_1_207' title='bbox 515 3913 557 3963; x_wconf 70' lang='lat'><strong>25.</strong></span> 
     </span>
    </p>

    <p class='ocr_par' dir='ltr' id='par_1_5' title="bbox 126 3995 1231 4313">
     <span class='ocr_line' id='line_1_30' title="bbox 160 3995 1231 4068; baseline -0.011 -16"><span class='ocrx_word' id='word_1_208' title='bbox 160 4001 187 4068; x_wconf 81' lang='lat'><strong>3)</strong></span> <span class='ocrx_word' id='word_1_209' title='bbox 205 4005 250 4054; x_wconf 78' lang='lat' dir='ltr'><strong>cit.</strong></span> <span class='ocrx_word' id='word_1_210' title='bbox 279 4019 304 4052; x_wconf 81' lang='lat' dir='ltr'><strong>v.</strong></span> <span class='ocrx_word' id='word_1_211' title='bbox 327 4019 365 4065; x_wconf 78' lang='lat' dir='ltr'><strong>gr.</strong></span> <span class='ocrx_word' id='word_1_212' title='bbox 390 4003 421 4051; x_wconf 89' lang='lat' dir='ltr'><strong>de</strong></span> <span class='ocrx_word' id='word_1_213' title='bbox 444 4003 515 4068; x_wconf 81' lang='lat' dir='ltr'><strong>Sper.</strong></span> <span class='ocrx_word' id='word_1_214' title='bbox 544 4002 609 4052; x_wconf 79' lang='lat' dir='ltr'><strong>Cn&#39;t.</strong></span> <span class='ocrx_word' id='word_1_215' title='bbox 629 3999 729 4064; x_wconf 85' lang='lat' dir='ltr'><strong>judicia</strong></span> <span class='ocrx_word' id='word_1_216' title='bbox 746 3997 936 4062; x_wconf 75' lang='lat' dir='ltr'><strong>Wyttenhaohii</strong></span> <span class='ocrx_word' id='word_1_217' title='bbox 953 3997 980 4044; x_wconf 92' lang='lat' dir='ltr'><strong>in</strong></span> <span class='ocrx_word' id='word_1_218' title='bbox 1006 3995 1076 4044; x_wconf 80' lang='lat' dir='ltr'><strong>Bitl.</strong></span> <span class='ocrx_word' id='word_1_219' title='bbox 1093 3995 1159 4047; x_wconf 73' lang='lat' dir='ltr'><strong>crit,</strong></span> <span class='ocrx_word' id='word_1_220' title='bbox 1228 4020 1231 4025; x_wconf 90' lang='lat'>·</span> 
     </span>
     <span class='ocr_line' id='line_1_31' title="bbox 127 4081 1155 4154; baseline -0.009 -15"><span class='ocrx_word' id='word_1_221' title='bbox 127 4092 144 4143; x_wconf 92' lang='lat' dir='ltr'><strong>l.</strong></span> <span class='ocrx_word' id='word_1_222' title='bbox 162 4091 179 4139; x_wconf 93' lang='lat' dir='ltr'><strong>l.</strong></span> <span class='ocrx_word' id='word_1_223' title='bbox 198 4090 289 4154; x_wconf 74' lang='lat' dir='ltr'><strong>lleynii</strong></span> <span class='ocrx_word' id='word_1_224' title='bbox 306 4089 333 4138; x_wconf 91' lang='lat' dir='ltr'><strong>iu</strong></span> <span class='ocrx_word' id='word_1_225' title='bbox 354 4089 468 4154; x_wconf 69' lang='lat' dir='ltr'><strong>cutting.</strong></span> <span class='ocrx_word' id='word_1_226' title='bbox 486 4089 539 4136; x_wconf 75' lang='lat' dir='ltr'><strong>Gal.</strong></span> <span class='ocrx_word' id='word_1_227' title='bbox 560 4087 627 4136; x_wconf 72' lang='lat' dir='ltr'><strong>Anu.</strong></span> <span class='ocrx_word' id='word_1_228' title='bbox 643 4103 666 4136; x_wconf 84' lang='lat' dir='ltr'><strong>a.</strong></span> <span class='ocrx_word' id='word_1_229' title='bbox 690 4083 766 4137; x_wconf 76' lang='lat'>1804.</span> <span class='ocrx_word' id='word_1_230' title='bbox 788 4100 813 4150; x_wconf 92' lang='lat' dir='ltr'><strong>p.</strong></span> <span class='ocrx_word' id='word_1_231' title='bbox 830 4081 882 4132; x_wconf 77' lang='lat'><strong>22⁷</strong></span> <span class='ocrx_word' id='word_1_232' title='bbox 890 4121 898 4148; x_wconf 91' lang='lat'><strong>,</strong></span> <span class='ocrx_word' id='word_1_233' title='bbox 921 4088 947 4131; x_wconf 87' lang='lat' dir='ltr'><strong>ot</strong></span> <span class='ocrx_word' id='word_1_234' title='bbox 965 4082 1110 4131; x_wconf 84' lang='lat' dir='ltr'><strong>lluttmauni</strong></span> <span class='ocrx_word' id='word_1_235' title='bbox 1128 4083 1155 4130; x_wconf 88' lang='lat' dir='ltr'><strong>in</strong></span> 
     </span>
     <span class='ocr_line' id='line_1_32' title="bbox 126 4167 1156 4238; baseline -0.009 -14"><span class='ocrx_word' id='word_1_236' title='bbox 126 4177 245 4224; x_wconf 79' lang='lat' dir='ltr'><strong>certurio</strong></span> <span class='ocrx_word' id='word_1_237' title='bbox 269 4171 518 4224; x_wconf 77' lang='lat' dir='ltr'><strong>animadversionum</strong></span> <span class='ocrx_word' id='word_1_238' title='bbox 543 4175 573 4221; x_wconf 79' lang='lat' dir='ltr'><strong>in</strong></span> <span class='ocrx_word' id='word_1_239' title='bbox 596 4173 665 4222; x_wconf 83' lang='lat' dir='ltr'><strong>Plct.</strong></span> <span class='ocrx_word' id='word_1_240' title='bbox 691 4173 815 4238; x_wconf 78' lang='lat' dir='ltr'><strong>Gorgiam</strong></span> <span class='ocrx_word' id='word_1_241' title='bbox 840 4179 862 4223; x_wconf 90' lang='lat' dir='ltr'><strong>et</strong></span> <span class='ocrx_word' id='word_1_242' title='bbox 887 4171 1065 4231; x_wconf 63' lang='lat' dir='ltr'><strong>nuceretum,</strong></span> <span class='ocrx_word' id='word_1_243' title='bbox 1086 4167 1156 4232; x_wconf 91' lang='lat' dir='ltr'><strong>quod</strong></span> 
     </span>
     <span class='ocr_line' id='line_1_33' title="bbox 127 4260 599 4313; baseline -0.006 -2"><span class='ocrx_word' id='word_1_244' title='bbox 127 4267 207 4312; x_wconf 80' lang='lat' dir='ltr'><strong>exstat</strong></span> <span class='ocrx_word' id='word_1_245' title='bbox 227 4262 277 4311; x_wconf 82' lang='lat' dir='ltr'><strong>vol.</strong></span> <span class='ocrx_word' id='word_1_246' title='bbox 292 4261 327 4313; x_wconf 85' lang='lat'><strong>11.</strong></span> <span class='ocrx_word' id='word_1_247' title='bbox 341 4262 381 4313; x_wconf 87' lang='lat' dir='ltr'><strong>ed.</strong></span> <span class='ocrx_word' id='word_1_248' title='bbox 398 4260 599 4311; x_wconf 82' lang='lat' dir='ltr'><strong>lleiudorlianae.</strong></span> 
     </span>
    </p>
   </div>
   <div class='ocr_carea' id='block_1_4' title="bbox 0 0 1442 5075">
    <p class='ocr_par' dir='ltr' id='par_1_6' title="bbox 0 0 1442 5075">
     <span class='ocr_line' id='line_1_34' title="bbox 0 0 1442 5075; baseline 0 3"><span class='ocrx_word' id='word_1_249' title='bbox 0 0 1442 5075; x_wconf 95' lang='lat' dir='ltr'><strong> </strong></span> 
     </span>
    </p>
   </div>
  </div>
 </body>
</html>
