2875 5075
769 519 835 581 220

287 694 392 771 iisset,
417 690 512 774 hujus
534 693 579 755 rei
611 691 769 753 mentione
789 689 927 771 injecta,
950 689 1001 753 rel
1029 689 1220 773 spectaculis
1239 686 1313 752 dra·

287 808 409 870 maticis
429 805 624 889 musicisque
642 803 915 867 commemoratis:
937 802 1018 865 adeo
1042 800 1083 865 de
1108 801 1159 866 bis
1180 823 1313 887 quoque

287 920 411 1006 aliquid
433 920 626 1005 plerumque
646 928 815 995 venustae,
838 927 974 994 acutae,
997 914 1313 979 sanaeanimadver·

287 1036 383 1099 sionis
394 1033 514 1098 habere
526 1032 620 1098 cultis
632 1031 814 1095 homiuibus
824 1030 1002 1095 ridebatur.
1018 1031 1057 1095 Et
1067 1030 1170 1095 acutis
1180 1029 1314 1115 quidem

178 1229 182 1236 Ι
287 1148 526 1233 sapientiaeque
543 1146 645 1231 plenis
655 1145 792 1209 aliorum
805 1144 908 1209 effatis
920 1156 1119 1231 quantopere
1135 1143 1314 1208 delectare-

288 1274 360 1339 tur,
385 1273 421 1326 ut
449 1261 498 1323 illi
529 1281 630 1344 saepe,
641 1259 952 1337 animadverterunt,
976 1259 1023 1323 sic
1051 1258 1194 1344 symbola
1217 1257 1315 1322 etiam

287 1375 449 1454 indicant,
467 1374 536 1457 ejus
555 1374 681 1459 scriptis
700 1374 959 1459 scriptorumque
969 1373 1115 1458 partibus
1125 1372 1313 1457 praemissa,

286 1510 446 1574 saepeque
467 1490 501 1551 in
522 1474 646 1553 summa
666 1488 822 1551 brevitate
847 1489 947 1551 totius*
962 1486 1192 1573 disquisitionis
1211 1486 1314 1549 ratio·

288 1624 380 1683 uem,
391 1614 608 1681 momentum,
628 1601 837 1666 consiliumve
855 1601 1000 1686 apprime
1012 1599 1218 1665 declarantia.
1241 1600 1313 1678 Sic,

287 1728 326 1783 ut
345 1715 393 1782 bis
410 1729 502 1795 utar,
526 1716 701 1802 spiritus
724 1716 842 1779 intus
864 1715 945 1779 alit
966 1715 1146 1807 symbolum
1165 1724 1213 1778 est
1238 1714 1314 1778 Pla-

288 1830 417 1893 tonicae
433 1830 656 1916 disputationis
677 1828 716 1892 de
739 1850 874 1893 amore:
897 1827 1079 1915 Epistolir
1097 1828 1136 1892 de
1163 1829 1316 1895 Institu-

291 1946 384 2007 tione
407 1941 592 2028 Superiora
612 1942 828 2030 praemittitur
856 1943 1011 2007 festina
1034 1942 1163 2008 lente:
1188 1962 1317 2006 nosce

292 2068 418 2123 temet
448 2058 574 2142 ipsum
605 2055 898 2141 Encyolopoeds‘oe
926 2056 1018 2121 initio
1039 2068 1207 2121 monetur:
1231 2056 1315 2119 sim-

286 2172 376 2255 plex
417 2172 597 2257 sigillum
638 2172 718 2235 veri
757 2170 885 2235 exordio
925 2171 1057 2255 ponitur
1090 2160 1338 2257 philosophae

286 2286 552 2370 disquisitionis
572 2288 613 2349 iss
634 2284 786 2370 linguis.-
796 2272 843 2350 ‘is
857 2274 1007 2372 βυθῷῆ
1022 2273 1194 2371 ἀλήθεια
1204 2282 1315 2348 titulus

223 2439 227 2443 -
288 2399 539 2485 memphyticae
572 2373 748 2465 continete
766 2418 814 2461 ne
845 2397 949 2484 quid
980 2398 1105 2463 nimis
1128 2397 1316 2483 Epistola

289 2513 492 2598 praecipiunt
508 2514 548 2578 de
565 2512 681 2579 cordio
699 2511 960 2600 philosophiae:
983 2512 1064 2579 siue
1085 2513 1146 2576 ira
1169 2523 1211 2578 et
1236 2523 1315 2578 stu·

288 2626 358 2690 dio
389 2628 542 2713 professio
568 2639 615 2699 est
647 2627 1020 2692 Chorocters‘rmomm:
1053 2625 1184 2691 ardua
1210 2647 1315 2712 quae

288 2741 439 2824 pulcra
462 2743 680 2826 quaestionem
697 2740 861 2826 praecedit
880 2740 921 2809 de
942 2741 1094 2805 historio
1115 2742 1316 2806 domenico

290 2856 340 2918 tie
360 2857 555 2940 ingesseris
571 2855 716 2920 dumont
737 2826 889 2918 dicteria
907 2853 1117 2942 indagando.
1149 2854 1315 2920 Interdum
1391 2840 1394 2853 ’

161 3013 166 3028 ,
289 2989 365 3031 vero
385 2969 453 3052 ipse
475 2989 492 3032 e
515 2990 574 3032 suo
605 2989 711 3034 rerum
734 2968 967 3055 bominumque
987 2990 1048 3033 usu
1075 2981 1174 3034 aute
1203 2968 1314 3034 studiis

288 3081 650 3150 literarumistiusmodi
669 3084 843 3167 sapientiae
859 3084 953 3148 effata
972 3084 1157 3168 promebat,
1174 3104 1314 3168 quorum

287 3217 371 3282 quae
402 3197 537 3262 inseruit
570 3195 749 3282 Epistolir
778 3196 819 3262 de
855 3198 1086 3264 Institutione
1113 3195 1313 3282 Superiore,

288 3311 464 3374 multorum
500 3311 673 3376 mss-oriae
711 3309 809 3377 infixa
846 3310 1010 3397 dignaque
1042 3312 1187 3396 profecto
1219 3323 1312 3389 sunt,

287 3425 321 3487 iu
344 3424 462 3508 quibus
480 3426 545 3490 rita
575 3425 788 3508 exprimendis
811 3425 898 3499 haud
923 3427 1099 3521 minorem,
1132 3435 1232 3513 atque
1259 3426 1314 3490 ille

287 3537 409 3620 posuit,
430 3559 488 3602 uos
517 3559 646 3624 operam
673 3543 839 3624 ponamus}
854 3538 879 3624 ¹)
922 3541 1034 3626 Neque
1059 3542 1093 3604 in
1121 3540 1313 3617 levioribus,

287 3650 446 3715 librorum
481 3673 512 3716 r.
544 3673 573 3719 c.
603 3653 704 3718 titulis
731 3655 1002 3739 nummorumque
1029 3667 1063 3718 et
1093 3653 1238 3739 lapidum
1264 3654 1314 3718 in·

287 3765 533 3849 scriptionibus,
548 3767 574 3830 si
590 3766 668 3852 quid
682 3768 833 3854 exquisiti
843 3769 998 3834 acuminis
1006 3768 1142 3847 inesset,
1154 3767 1187 3832 id
1199 3790 1314 3853 parum

285 3879 441 3945 sentiebat
459 3891 560 3966 atque
587 3882 753 3967 probabat
789 3882 895 3948 Veluti
922 3882 979 3946 illa
1005 3883 1166 3968 apertis
1188 3882 1314 3948 libeni

289 4101 489 4112 ——u—-o

319 4235 989 4305 1)viae.p.so,se,so,1ot‚1se‚1tt,2ou
