2875 5075
619 512 680 575 161

132 682 327 762 attendenti,
345 684 484 748 multum
496 704 528 747 se
539 682 658 749 dehere
668 682 837 751 sentiebat.
854 685 1082 772 hongeaut'em
1093 687 1163 751 lon-

132 816 240 883 geque
251 797 380 877 aberat,
399 808 435 862 ut
453 798 706 885 investigationis
718 797 887 884 diligentid
902 800 931 862 cl
942 799 1038 885 plana
1051 798 1164 866 fierent

131 912 249 977 omnia.
261 910 338 1013 Sed,
352 931 452 997 quum
465 910 577 977 eodem
586 922 730 1019 tempore
740 913 1021 998 veternmscriptis
1032 936 1163 999 operam

132 1024 222 1090 daret
233 1024 320 1111 haud
337 1026 549 1091 intermissam
568 1047 703 1112 eamque
721 1048 781 1113 pro
800 1038 994 1113 augescente
1013 1030 1163 1093 cumillis

129 1116 347 1203 familiaritate
368 1138 569 1219 intenderet,
594 1140 714 1206 ultimis
733 1141 817 1205 sitae
834 1139 1047 1205 Academicae
1070 1143 1161 1206 annis

130 1254 227 1319 sicin
244 1254 469 1339 antiquorum,
490 1253 709 1341 Xenophontis
726 1256 863 1339 maxime
883 1265 981 1341 atque
1001 1255 1160 1337 Platonis,

130 1344 294 1447 aetatem,
310 1368 463 1453 patriam,
487 1386 613 1433 omnem
637 1368 802 1456 cogitandi
825 1368 1047 1456 loquendique
1064 1371 1162 1435 ratio·

130 1504 204 1546 nem
228 1482 497 1561 transferebatur,
529 1494 565 1548 ut
591 1482 668 1548 hinc
696 1485 874 1571 aegerrime
892 1506 927 1548 se
953 1484 1018 1549 alio
1044 1484 1163 1551 abduci

131 1598 261 1662 sineret.
296 1598 377 1661 Tum
398 1597 499 1685 igitur
523 1596 700 1678 baconem,
721 1600 927 1679 Rossasium,
951 1600 1160 1665 lt’stemoer-

131 1712 234 1789 tium,
258 1712 574 1807 Encyclopaedistas,
609 1724 692 1777 artes
719 1712 801 1777 adeo
835 1726 869 1778 et
894 1700 1080 1799 disciplinas
1102 1713 1161 1778 ha·

129 1832 268 1913 rumque
287 1827 486 1913 propositum
501 1836 533 1893 et
553 1827 813 1911 conjunctionem
823 1849 887 1893 non
895 1827 965 1911 jam
981 1828 1158 1914 cogitabat.

127 1940 367 2005 sufficiebat-ei
389 1941 431 2029 in
449 1962 598 2027 praesens
619 1941 783 2007 Socratica
806 1940 1028 2028 philosophia,
1052 1943 1085 2005 in
1104 1964 1152 2006 re·

129 2055 239 2141 giones
259 2055 365 2140 ipsum
388 2055 559 2121 traducens
583 2056 691 2142 pulcri
713 2066 745 2120 et
764 2056 861 2137 boui,
884 2056 919 2120 iu
938 2077 1074 2142 regnum
1104 2077 1160 2138 vc·⁴

127 2168 233 2233 ritatis
252 2181 284 2234 et
301 2169 457 2236 libertatis
474 2172 621 2253 moralis,
645 2171 854 2258 animumque
868 2171 974 2237 ‚simul
1001 2170 1106 2255 pulcri
1126 2181 1161 2233 et

126 2283 205 2348 boni
223 2294 257 2347 et
274 2286 462 2370 praesertim
480 2287 547 2349 seri
569 2307 679 2351 amore
702 2284 889 2351 incendens.
923 2286 962 2349 ln
980 2284 1030 2350 his
1051 2296 1160 2349 autem

15 2442 16 2447 κ
128 2396 253 2479 dedas,
283 2400 485 2487 maximeque
518 2400 656 2465 Socratis
689 2398 905 2485 perpendenti
934 2398 1020 2485 apud
1051 2399 1159 2463 Plato·

124 2533 201 2580 nem
221 2534 380 2580 sermones
401 2514 442 2580 de
462 2514 591 2580 sublimi
619 2515 761 2579 musicae
783 2535 821 2579 ac
845 2515 949 2580 multo
967 2512 1156 2578 sublimiore

16 2697 19 2708 ¹
125 2627 322 2713 geometriae
343 2638 375 2692 et
391 2627 579 2693 dialecticae
599 2629 781 2714 proposito,
797 2639 867 2692 tum
884 2627 1059 2714 speluncae
1074 2627 1155 2692 ima-

125 2741 236 2826 ginem
264 2739 425 2827 hujusque
453 2742 487 2806 in
519 2741 713 2827 disciplinas
735 2741 907 2807 translatae
934 2742 998 2808 vim
1027 2743 1155 2827 plenius

125 2856 333 2940 assequenti,
359 2857 541 2922 suavissima
560 2856 620 2922 illa
634 2877 705 2942 spes
716 2855 880 2923 interdum
898 2855 1074 2943 effulgebat
1085 2855 1155 2920 fore
1218 2849 1224 2856 ⁴
1272 2889 1279 2899 ·

125 2979 162 3032 ut
192 2967 336 3051 ejusdem
360 2969 581 3056 philosophiae
613 2967 718 3034 studio
747 2971 849 3037 serius
875 2971 966 3036 ocius
993 2968 1157 3036 Ciceronis

127 3083 317 3148 sententiam
333 3095 367 3148 et
380 3105 488 3150 seram
499 3083 767 3170 encyclopae'diae
783 3096 931 3150 naturam
946 3085 1154 3169 intelligeret.

136 3241 141 3246 -
167 3197 208 3260 Et
231 3196 314 3263 hanc
342 3197 474 3284 quidem
496 3217 585 3284 spem
612 3195 742 3262 tandem
761 3206 913 3262 eventum
933 3218 999 3261 non
1023 3198 1154 3260 omnino

123 3311 274 3376 fefellisse
294 3311 496 3397 opinabatur.
537 3307 637 3394 Cujus
659 3310 815 3394 opinionis
841 3310 1008 3376 manifesta
1034 3309 1155 3377 indicis

124 3446 162 3489 eo
180 3424 249 3508 jam
272 3427 477 3512 reperiuntur
506 3425 700 3490 Im'ts'orum
722 3424 814 3512 loco,
837 3423 895 3490 ubi
921 3423 962 3489 de
988 3428 1153 3490 communi

124 3539 250 3624 quaerit
277 3541 395 3604 artium
424 3539 707 3625 doctrinarumque
735 3539 885 3619 viuculo,
919 3552 951 3604 et
981 3542 1155 3625 interpres

123 3652 290 3718 Platonis
318 3653 402 3718 siam
421 3653 566 3718 indicare
594 3664 748 3731 conatur,
774 3674 858 3739 qua,
881 3654 980 3739 hujus
1008 3653 1153 3720 adhibita

122 3765 340 3853 philosophia,
382 3767 421 3834 ad
463 3787 568 3832 seram
602 3769 768 3854 pervenire
806 3769 903 3832 liceat
938 3769 1149 3855 encyclopae·

123 3878 219 3949 diam.
232 3878 258 3968 1)
304 3881 473 3962 Attamen,
508 3902 608 3969 quum
637 3880 878 3947 accommodare
911 3883 1048 3967 optima,
1073 3879 1147 3945 inde

79 4091 82 4098 ¹
123 4093 326 4104 -u-—n—u--a--n—

156 4249 182 4314 1)
201 4253 264 4301 ntes.
283 4252 323 4315 ιι,
339 4251 369 4315 a,
388 4252 429 4300 aa.
