2875 5075
776 534 841 596 222

300 710 368 794 ejus
392 708 478 774 dicta
506 718 537 769 et
564 705 646 771 lacta
672 705 852 791 spirabant,
887 717 951 769 tam
978 703 1057 769 nihil
1087 706 1225 792 quaesiti
1247 718 1320 773 eta

300 822 438 887 naturali
459 821 636 906 elegantiae
653 819 857 905 simplicitate
872 819 969 883 alieni
985 820 1201 900 continentia,
1226 843 1322 909 quam

299 936 395 1001 nullis
434 955 587 1021 umquam
616 933 698 997 ruris
731 933 874 1020 vestigiis
903 933 1027 1007 affecta.
1070 934 1229 1020 Equidem
1258 935 1322 1000 vidi

299 1052 403 1114 virum
430 1049 464 1112 iu
499 1046 636 1113 scholis:
669 1046 733 1111 ridi
769 1048 803 1111 in
836 1068 981 1126 museo,
996 1048 1029 1110 in
1064 1047 1232 1112 hominum
1260 1049 1323 1114 ire·

299 1164 447 1251 quentia,
468 1164 501 1227 in
520 1161 694 1227 domestico
711 1161 821 1226 uxoris
843 1172 876 1225 et
886 1161 1062 1226 liberorum
1078 1162 1324 1250 'amicorumque

300 1288 414 1343 coctu:
446 1274 511 1339 vidi
539 1275 572 1337 in
600 1275 698 1354 urbe,
728 1276 762 1339 in
790 1276 922 1355 itincre,
952 1276 1039 1339 ruri:
1071 1276 1105 1338 in
1136 1275 1231 1340 domo
1256 1275 1323 1360 ejus

299 1402 423 1456 nutum
450 1411 514 1454 non
541 1388 621 1452 vixi:
651 1387 882 1454 humanitatem
910 1399 1018 1453 autem
1042 1410 1148 1475 neque
1172 1390 1208 1453 in
1235 1389 1324 1453 seriis

299 1503 477 1568 desideravi
504 1524 657 1588 umquam
684 1523 791 1589 neque
816 1503 851 1566 in
878 1502 979 1586 jocis,
1003 1524 1140 1589 quorum
1166 1504 1323 1569 venustis·

178 1644 186 1649 ·
300 1619 385 1682 siuns
418 1617 552 1681 floribus
586 1615 747 1681 interdum
777 1615 947 1697 utebatur,
978 1638 1138 1704 saepeque
1163 1617 1324 1680 verissime

301 1754 355 1797 eos
373 1731 561 1817 praedicare
585 1731 686 1815 sensi,
711 1730 768 1816 qui
791 1730 968 1795 lleusdium
994 1752 1058 1795 non
1075 1741 1201 1795 tautum
1219 1732 1325 1817 ipsum

246 1836 252 1849 ’
300 1846 418 1912 decoro
435 1845 631 1925 satisfacere,
645 1844 699 1909 sed
719 1846 813 1910 etiam
830 1844 986 1931 pudorem
1002 1845 1059 1909 tibi
1076 1844 1209 1928 injicere
1228 1857 1325 1931 atque

301 1961 411 2025 obesse
432 1958 594 2037 dicerent,
619 1958 790 2046 quominus
819 1958 938 2023 decoro
967 1980 1075 2024 coram
1100 1959 1170 2044 ipso
1198 1982 1326 2045 parem

301 2074 505 2139 satisfaceres.
539 2073 619 2155 Quis
644 2073 745 2159 igitur
767 2094 830 2136 non
854 2073 955 2137 libens
984 2072 1122 2137 eumad
1146 2072 1325 2138 incitandos

297 2188 432 2271 juvenes
450 2189 561 2252 tritum
580 2185 662 2251 illud
679 2185 938 2272 pronuntiantem
957 2171 1139 2253 audiebat?¹

560 2300 734 2387 Ingenuus
755 2299 919 2364 didicisse
928 2300 1089 2387 fideliter
1105 2314 1203 2365 artes

346 2414 645 2493 Emollit'morss,
669 2436 727 2477 osee
748 2418 838 2479 sinit
856 2436 925 2478 erae
940 2415 1051 2503 seros.

282 2576 285 2580 -
345 2531 467 2598 Verum
493 2530 525 2594 in
543 2527 748 2594 domesticae
769 2530 852 2594 vitas
872 2530 1138 2616 contemplatione
1160 2529 1324 2596 vinculum

302 2667 342 2708 ne
360 2646 521 2710 mittamus
541 2665 713 2730 sanequam
732 2655 877 2724 arctum,
901 2666 967 2732 quo
984 2645 1048 2709 vita
1067 2646 1122 2710 illa
1144 2645 1324 2730 praecipuis

301 2758 433 2824 Heusdii
452 2758 564 2822 studiis
578 2758 691 2842 juncta
709 2759 781 2824 tuit.
813 2761 889 2825 Erat
909 2761 957 2839 ei,
974 2772 1012 2824 ut
1031 2759 1153 2847 ubique
1172 2759 1325 2839 vidimus,

302 2872 490 2957 primarium
520 2872 698 2937 studiorum
733 2884 959 2959 argumentum
987 2875 1060 2959 ipae
1091 2873 1197 2940 denso.
1231 2875 1325 2937 Hunc

302 2987 428 3072 penitus
458 3007 673 3072 cognoscere,
696 2985 792 3069 hujus
815 2986 855 3051 ad
880 2987 1109 3052 humanitatem
1130 2988 1325 3074 progressio·

303 3122 398 3181 nem,
432 3111 500 3164 tum
533 3101 652 3186 optime
684 3100 851 3165 excolendi
882 3101 1138 3188 emendandique
1170 3102 1324 3166 rationem

302 3216 484 3302 perspicere
506 3195 671 3302 gestiebat.
712 3217 781 3281 Jam
809 3216 1036 3302 undecumque
1066 3229 1098 3280 et
1123 3217 1270 3282 lectionis
1293 3227 1326 3279 et

301 3331 527 3396 observationis
554 3342 585 3394 et
614 3330 827 3396 meditationis
851 3330 1018 3418 diligentia
1048 3330 1237 3416 proliceret,
1263 3353 1325 3394 uon

300 3447 344 3508 ita
374 3444 503 3509 aliunde
528 3467 621 3510 suurn
647 3444 708 3509 sibi
738 3446 914 3531 quaerebat
941 3456 1102 3533 tamquam
1122 3445 1244 3531 ingenii
1269 3467 1328 3530 pa·

301 3558 436 3637 bulum,
468 3579 520 3624 eos
546 3570 582 3622 ut
614 3581 677 3622 non
704 3558 944 3644 diligentissime
974 3559 1172 3639 attenderet,
1208 3560 1266 3645 qui
1293 3560 1328 3623 in

263 3657 270 3672 ¹
302 3684 476 3758 conspectu
509 3673 608 3758 ipsius
639 3683 671 3736 et
706 3673 840 3736 maxima
879 3673 1011 3738 caritate
1049 3674 1204 3738 vivebant.
1251 3673 1329 3738 Frui

301 3786 493 3852 domesticae
520 3787 603 3851 vitae
628 3786 782 3851 suavitate
806 3809 920 3873 parum
941 3799 1026 3867 erat,
1052 3788 1111 3852 nisi
1130 3808 1200 3852 eam
1220 3793 1330 3850 mente

301 3900 585 3987 comprehenderet
603 3912 872 3987 connecteretque
887 3923 962 3966 cum
976 3902 1015 3964 iis
1033 3899 1326 3988 disquisitionibus,

301 4017 335 4080 in
363 4017 480 4102 quibus
511 4026 666 4102 perpetuo
693 4016 886 4080 versabatur.
929 3997 982 4080 Sic
1008 4017 1113 4082 omnia
1139 4037 1203 4079 non
1231 4013 1328 4080 modo

301 4131 467 4210 suaviora,
498 4130 554 4195 sed
580 4131 675 4194 edam
698 4130 938 4216 praestabiliora
965 4131 1026 4196 sibi
1047 4133 1117 4195 lore
1145 4129 1327 4214 judicabat.

302 4243 347 4308 Ex
370 4242 433 4308 hoc
455 4245 543 4309 ioute
565 4245 658 4308 multi
674 4243 849 4310 identidem
870 4245 939 4328 ejus
958 4267 1117 4310 sermones
1138 4249 1325 4309 manarunt:
