2875 5075
642 526 682 587 19

143 698 285 783 cupiens.
311 696 513 783 Quamquam
528 698 684 763 nonnulla
699 718 830 779 eornm,
855 720 939 786 quae
958 700 1157 785 tunojam'in

141 811 302 898 dagabat,
338 812 385 875 sio
414 822 597 897 comparata
627 822 739 891 erant,
761 824 800 877 ut
820 812 862 878 ad
883 814 1173 899 probabilom‘exi·

143 936 213 992 tum
224 947 261 989 ea
273 924 451 1009 perducere
459 923 603 991 nondum
615 936 738 1011 posset3
757 947 862 1011 quor.
876 948 925 1014 gr.
937 927 1174 1016 disquisitiones

142 1040 304 1125 pertinent
320 1039 360 1105 de
382 1040 543 1105 communi
564 1040 681 1105 artium
694 1051 726 1104 et
742 1039 983 1127 disciplinarum
999 1044 1140 1109 vinculo.
1150 1041 1177 1132 ¹)

103 1177 107 1188 ¹
185 1154 213 1219 Δ
228 1153 326 1229 studii
344 1166 453 1219 autem
472 1156 649 1221 constantia
670 1176 784 1241 parum
803 1176 837 1219 se
854 1158 979 1221 avocari
993 1158 1178 1243 patiebatur

38 1338 39 1341 ,
143 1269 340 1355 multiplici,
364 1290 462 1355 quam
481 1290 598 1357 magna
608 1269 684 1335 urbs
697 1270 848 1355 praebet,
871 1270 1024 1335 honestae
1034 1272 1177 1338 obleeta-

142 1385 239 1449 tionis
273 1386 521 1469 opportunitate.
556 1386 655 1450 Parce
683 1386 876 1471 speetaoulis
899 1385 1030 1449 musicis
1048 1397 1082 1450 et
1099 1384 1178 1453 dra-

141 1498 268 1563 maticis
296 1498 469 1577 intererat,
500 1510 692 1585 tantumque
717 1508 822 1584 partos
845 1486 1014 1585 agentibus
1034 1500 1092 1580 iis,
1121 1502 1179 1588 qui

143 1612 332 1677 nostratium
347 1611 472 1695 judicio
488 1634 590 1699 prope
605 1613 741 1699 perfecti
756 1610 902 1678 oomoadi
912 1613 1123 1680 habebantur.
1143 1615 1179 1681 si

143 1725 273 1813 qnando
291 1725 412 1791 diutius
431 1748 527 1815 quam
549 1750 608 1813 pro
619 1727 776 1811 juvanum
791 1746 882 1791 more
896 1748 932 1792 se
949 1727 1123 1794 abdidisset
1138 1729 1179 1793 li·

112 1854 116 1862 '
143 1842 220 1905 teris
234 1851 267 1904 et
283 1840 454 1907 humanam
467 1840 596 1906 tandem
608 1842 724 1907 faeiem
738 1841 922 1928 adspicere,
940 1862 1053 1907 aooetn
1066 1842 1180 1908 audire

143 1966 279 2039 ouperet
306 1954 496 2035 humanam,
528 1955 636 2021 adibat
662 1956 801 2021 subinde
820 1955 1104 2043 thermopolim,
1119 1957 1178 2020 ubi

144 2080 252 2136 tamen
273 2090 337 2133 nou
359 2069 496 2135 multum
525 2073 678 2155 temporis
707 2072 777 2155 ipsi·
798 2071 906 2156 perire
923 2072 1057 2155 potuit·
1074 2070 1177 2149 Nam,

114 2162 116 2167 ,
143 2184 261 2249 auditis
284 2184 514 2271 aliquantisper
528 2184 710 2271 disparibus
724 2185 941 2263 sermonibus,
966 2185 1068 2250 serius
1090 2185 1179 2249 ocius

143 2288 177 2362 in
206 2298 362 2384 angulum
384 2298 528 2363 enbiouli
545 2320 580 2361 se
602 2298 797 2383 reeipiebat,
822 2310 873 2378 et,
898 2298 1174 2385 ephemeridibus,

144 2433 184 2476 ne
214 2413 319 2477 aliena
342 2413 462 2499 agitare
494 2411 676 2492 rideretur,
701 2412 793 2495 juxta
818 2413 947 2497 positis,
981 2423 1038 2478 aut
1056 2434 1112 2489 aa,
1143 2414 1177 2477 iu

143 2526 264 2617 quibus
279 2525 375 2592 modo
398 2526 638 2604 elaboraverat,
668 2527 775 2591 animo
793 2524 960 2603 solvebat,
990 2535 1048 2592 aut
1066 2526 1177 2590 Kantii
1211 2593 1215 2598 ,

141 2639 313 2727 promebat
341 2638 392 2702 vel
419 2637 652 2704 Hemsterhusii
679 2638 813 2703 librum.
857 2639 937 2702 lIoe·
950 2649 1058 2723 postea
1084 2640 1175 2704 lauri-

143 2753 280 2820 liaribus
309 2753 374 2818 suis
404 2773 572 2831 enarrans,
608 2751 795 2816 subridebat
809 2751 877 2816 lore
894 2754 921 2816 si
940 2753 1083 2838 cuipiam
1099 2752 1175 2818 inde

144 2867 317 2954 profecisse
346 2866 508 2932 videretur
536 2865 578 2931 ad
606 2867 812 2946 facultatem,
856 2888 921 2954 qua
953 2889 1027 2933 eum
1060 2869 1177 2933 eximie

144 2982 261 3048 valere.
277 3003 486 3062 noveramus,
516 2983 550 3045 in
578 2981 755 3065 majoribus
782 3003 914 3070 quoque
932 2982 1077 3047 eoatibus
1098 3005 1172 3070 grs-

134 3083 231 3162 'riora
267 3108 374 3161 mento
408 3095 550 3183 agitandi
590 3107 622 3160 et
654 3095 889 3183 persequendi,
930 3077 1208 3184 quamqnibus⁰

142 3210 311 3276 audiendis
337 3211 392 3277 alii
417 3212 539 3275 interea
567 3210 807 3275 oruoiabantur.
841 3211 880 3274 Et
895 3231 957 3296 ego
974 3212 1085 3295 paneis
1103 3221 1176 3274 ante

143 3325 268 3390 obitum
304 3325 465 3391 mensibus
499 3323 533 3388 in
565 3325 674 3388 lluseo
703 3322 885 3405 Trajeotino
920 3320 1046 3386 voltum
1075 3322 1177 3388 'illum

144 3438 399 3528 eogiahondum
438 3437 676 3523 contemplans,
725 3439 780 3504 eui
813 3434 1033 3522 ephemerides
1066 3437 1177 3502 neseio

143 3575 230 3640 quae
269 3553 433 3637 subjeotae
469 3561 581 3632 erant,
622 3551 749 3637 pristini
782 3551 914 3638 vestigia
954 3552 1056 3616 moris
1092 3550 1173 3615 mibi

145 3689 319 3755 agnoscere
335 3666 479 3733 videbar.
513 3667 740 3734 Verumtamen
759 3688 779 3730 a
800 3664 979 3730 studiorum
999 3665 1176 3729 intentione
1198 3675 1204 3690 ‘

143 3803 302 3868 nusquam
330 3803 363 3845 se
390 3781 543 3845 libentius
564 3768 731 3844 recreabat
745 3801 842 3866 quam
860 3781 894 3843 in
912 3781 1090 3845 amicorum
1108 3770 1176 3843 oir-

144 3897 237 3964 eulis.
271 3895 345 3964 Illie
374 3895 489 3962 sodalis
515 3893 701 3979 jucundus,
727 3894 932 3979 laetitiaeque
954 3915 1018 3960 non
1034 3893 1174 3974 effusae,

145 4116 347 4130 m

169 4245 324 4318 ¹llut'oosut.
342 4258 435 4306 bolsool
451 4260 480 4320 1,
498 4258 521 4306 1.
