2875 5075
774 507 837 571 128

173 692 178 699 ·
289 680 386 749 edite.
419 681 489 746 lloe
507 698 586 766 opns
605 691 737 745 ornatm
762 693 970 745 monumento
985 681 1113 766 pietatis
1131 700 1168 745 en
1187 699 1226 746 eo
1245 682 1319 769 qni·

290 798 364 862 dem
382 814 520 883 genero,
540 794 680 882 quodie
700 793 890 861 Neorlsndis
915 795 1058 860 nondum
1084 797 1225 883 ignorari
1245 818 1319 882 pro·

289 911 450 976 nuntiavit
468 906 683 996 Heorenus.¹)
732 910 906 975 hunnine
926 910 1012 975 onim
1035 921 1082 975 est
1110 910 1252 996 Epistola
1278 910 1320 976 ad

287 1026 484 1092 Grenserum
510 1018 552 1089 de
570 1024 836 1112 wyttenbachio.
867 1024 1046 1091 Heosdinm
1075 1023 1170 1091 molti
1198 1036 1319 1091 norunt
1427 1015 1428 1022 '

288 1140 443 1206 carissimi
474 1141 692 1226 praeceptoris
717 1136 814 1204 vitem
845 1137 1104 1226 conscripturum
1130 1141 1249 1221 tune,
1286 1142 1319 1205 ni

287 1254 452 1320 llshninm
470 1255 646 1341 accepisset
664 1253 750 1319 idem
767 1250 936 1319 consilium
953 1255 1093 1341 agitare,
1111 1266 1145 1320 et
1164 1254 1227 1320 hoo
1244 1254 1319 1319 dein

282 1368 460 1454 judicasset
470 1370 575 1434 sirum
585 1370 801 1437 Clarissimum
812 1380 999 1435 exsecutum
1009 1369 1317 1456 ltsissepio,debite‚

288 1496 458 1565 accurate,
490 1483 603 1565 docte,
635 1494 673 1551 nt
703 1503 892 1572 germanum
914 1483 1045 1550 deceret
1074 1485 1317 1573 Wyttenltnclsii

287 1598 496 1685 discipulum.
506 1596 534 1687 1)
572 1596 652 1680 Sed,
679 1602 789 1686 prouti
807 1600 865 1665 ille
890 1596 978 1665 lieno
1008 1598 1171 1686 gaudebat
1190 1601 1318 1686 piendi

289 1714 396 1779 officio
425 1714 633 1794 satisfecisse,
656 1714 702 1780 ite
725 1734 744 1780 a
771 1730 809 1779 se
836 1712 919 1779 illud
941 1732 1006 1796 non
1029 1732 1134 1801 oeque
1155 1715 1319 1801 expletum

288 1844 377 1908 esse,
402 1846 437 1893 se
455 1831 537 1916 groti
555 1828 652 1898 enimi
678 1846 808 1895 sensnm
824 1846 889 1895 non
903 1828 1075 1894 scribendo
1090 1828 1242 1895 effudisse
1259 1848 1318 1895 nec

190 1993 195 2007 .
288 1942 395 2029 polam
415 1942 612 2024 declarasse,
631 1962 728 2031 segre
745 1944 881 2009 ferebat.
914 1944 998 2009 llinc
1022 1943 1152 2009 tendens
1178 1945 1318 2031 Epistola

287 2057 401 2125 illaad
419 2058 615 2125 dresserum
634 2072 667 2124 et
688 2070 830 2123 veterem
854 2058 1099 2147 wyttenbachii
1125 2072 1157 2125 et
1184 2054 1318 2126 Hensdii

288 2175 367 2239 item
385 2194 404 2239 e
425 2175 535 2239 moltis
550 2173 641 2239 annis
655 2175 794 2239 emicem
811 2173 1110 2257 conjunctissimum
1126 2188 1159 2240 et
1174 2192 1318 2241 commc-

290 2304 364 2353 nem
382 2288 523 2354 Platonis
538 2300 734 2370 amotorem3
750 2285 785 2352 in
795 2306 861 2376 qno
872 2284 1033 2375 Epistola,
1053 2278 1231 2375 ἅπιδῶρου
1246 2288 1318 2355 loco

288 2405 385 2469 missa
395 2400 441 2490 ⁸),
461 2403 624 2469 Hensdins
645 2417 679 2468 se
698 2404 888 2491 simpliciter
905 2413 1111 2469 narreturnm
1129 2406 1193 2486 eit,
1218 2424 1238 2468 e
1245 2406 1318 2493 quis

288 2520 388 2606 ipslns
407 2520 506 2586 luerit
528 2538 654 2601 sensus,
679 2539 755 2586 cnm
773 2516 1063 2608 Wyttonbnohiunt
1079 2520 1221 2606 primum
1241 2539 1320 2586 conc
1412 2574 1415 2580 .

288 2635 428 2701 venirett
445 2635 550 2722 qualis
562 2653 629 2700 esse
640 2636 700 2722 ipsi
711 2635 862 2722 deinceps
874 2637 958 2700 visus
969 2635 1053 2700 sitin
1063 2636 1163 2707 literis
1175 2647 1319 2702 trecton*

288 2751 337 2816 dis
349 2762 382 2815 et
396 2749 562 2836 discipulis
571 2749 791 2815 instituendis:
810 2751 998 2835 praesertim
1008 2767 1094 2838 quae
1110 2752 1182 2835 ejus
1195 2751 1319 2816 luerint

287 2868 321 2930 ln
339 2866 444 2950 ipsum
461 2864 575 2928 merito
587 2864 693 2928 ctillis
712 2861 911 2948 temporibus
924 2870 956 2928 ct
973 2864 1125 2951 deinceps
1140 2877 1317 2952 perpetuo,

289 2978 397 3066 quoad
408 2978 469 3064 ipsi
478 2978 545 3043 frui
563 2975 631 3062 ejus
643 2977 877 3043 consuetudine
894 2989 925 3042 et
936 2981 1093 3045 mavitnte
1109 2980 1251 3048 licuerit.
1263 2979 1316 3068 ol)

288 3093 397 3180 'Atque
415 3092 496 3159 hsec
507 3093 613 3158 notive
630 3109 762 3179 prorsus
775 3090 939 3159 venustate
955 3105 987 3158 et
999 3095 1182 3182 elegantia,
1201 3094 1319 3160 diserte

290 3225 387 3297 porro
407 3219 438 3273 et
456 3207 496 3273 od
523 3208 668 3295 egregios
686 3205 931 3294 Wyttenbechii
951 3208 1063 3274 leudes
1078 3210 1319 3296 perspiciendas

288 3322 568 3410 epteeblleusdio
585 3325 822 3410 expositeesse3
842 3323 988 3408 ineptum
998 3341 1100 3408 poene
1111 3323 1320 3412 videtorpost

287 3455 343 3503 eos
361 3449 525 3524 repetere,
549 3437 606 3523 qni
627 3437 933 3523 praestantissimum
952 3438 1063 3502 sirum
1084 3440 1203 3524 optimo
1222 3457 1319 3505 nove·

284 3560 377 3618 sunt.
391 3549 416 3638 ι)
467 3552 620 3638 (ξιιοιίιιιιἱ
644 3561 752 3616 nmen
783 3552 859 3639 quis
885 3567 950 3616 non
972 3549 1078 3618 libens
1106 3551 1319 3619 Cleohclinse

323 3827 350 3896 1)
371 3831 439 3878 dett.
460 3827 514 3879 (iel.
534 3831 601 3879 Ans.
618 3847 641 3880 e.
658 3829 742 3894 182⁷,
761 3847 786 3896 p.
804 3826 882 3881 1⁷76.
911 3833 972 3881 llam
988 3847 1019 3880 es
1035 3831 1161 3881 Cenem
1176 3848 1250 3899 pm,
1268 3850 1318 3898 que

286 3915 372 3980 egitur
385 3915 417 3964 de
432 3911 553 3980 Epistola
567 3915 603 3966 ed
617 3915 786 3980 Orestem,
803 3917 836 3966 tlt
850 3915 966 3966 llesreno
979 3919 1075 3982 scripte
1088 3920 1136 3967 est.

323 3999 349 4066 2)
369 4003 455 4066 Epist.
475 4019 499 4068 p.
519 4001 544 4054 2.

322 4085 349 4152 3)
368 4089 429 4138 llod.
447 4105 473 4154 p.
489 4087 532 4140 42.

323 4169 350 4236 4)
368 4174 430 4223 sod.
448 4190 473 4239 p.
492 4173 518 4224 2.

322 4255 350 4322 5)
368 4259 403 4307 Gi.
422 4259 525 4308 omnino
544 4260 636 4308 Belius
654 4259 725 4308 Boot.
746 4260 812 4308 Crit.
831 4256 906 4308 Novo
924 4259 959 4308 1v
965 4296 973 4322 ‚
989 4257 1031 4309 39.
