2875 5075
569 488 575 496 “
623 513 681 572 151

143 680 330 759 videarrtne,
343 684 376 745 in
388 684 456 747 aliis
470 684 551 747 bene
563 683 692 761 multis,
712 684 914 769 maximeque
933 686 967 748 in
984 684 1172 755 adolescen-

143 796 223 861 tium
240 818 258 860 a
275 798 371 861 tertio
393 808 548 882 quartove
566 778 692 861 decimo
700 795 831 861 demum
843 799 956 864 aetetis
974 797 1097 885 atino1)
1116 822 1173 885 per

141 922 263 975 veteres
287 911 395 975 literas
418 912 478 975 rite
498 910 767 975 instituendorum
788 912 926 990 ratione,
951 915 1102 993 consilio,
1124 916 1171 978 ei-

140 1024 279 1089 iectibns
296 1046 389 1089 nemo
413 1024 602 1110 prudentior
625 1023 802 1091 dissentiet.
836 1026 925 1092 Adeo
943 1028 1096 1092 interiore
1114 1050 1174 1093 air·
1267 1081 1270 1085 .

140 1140 298 1225 tiquitatis
329 1140 512 1225 cognitione
545 1151 577 1203 et
608 1139 766 1209 humanae
795 1151 928 1205 naturae
953 1142 1173 1209 observatione

140 1254 287 1318 nituntur
323 1238 445 1331 omnia,
489 1253 648 1339 lucileqne
688 1254 831 1341 legentes
861 1254 1041 1333 eredimus,
1083 1258 1172 1343 quod

140 1366 272 1433 aliunde
300 1366 443 1447 constet,
476 1366 651 1432 Hensdinm
675 1366 841 1435 Curatoris
867 1390 1000 1435 munere
1028 1370 1067 1435 ad
1095 1370 1175 1436 ado·

140 1482 314 1546 lescentiee
332 1492 469 1547 nentem
483 1481 710 1567 explorandam
722 1495 754 1548 et
765 1484 1022 1569 cognoscendam
1035 1471 1173 1570 diligen·

139 1596 260 1659 tissime
285 1618 380 1661 usum
405 1596 515 1664 luisse.
559 1597 707 1661 Attamen
737 1597 815 1689 nihil
844 1600 971 1683 gravius
1000 1596 1055 1676 iis,
1088 1618 1172 1685 quae

139 1710 269 1775 tandem
292 1710 334 1775 do
359 1709 537 1777 Academiis
562 1710 773 1777 disseruntur.
805 1711 987 1777 Palladium
1012 1713 1088 1778 illae
1116 1712 1173 1787 bs-

139 1825 258 1889 hentnr
278 1824 405 1903 saluus,
429 1846 500 1910 spes
523 1822 625 1892 loturi
643 1828 807 1911 temporis.
819 1824 847 1911 2)
883 1826 987 1909 Hujus
1002 1827 1067 1891 loci
1085 1847 1172 1905 eam,

140 1960 239 2025 quarn
257 1940 422 2024 superiora
442 1941 548 2016 omnia
576 1951 765 2018 moverunt,
783 1922 1051 2025 exspectationem
1063 1940 1173 2027 dispu-

139 2055 219 2119 tatio
237 2054 306 2139 ipsa
331 2053 429 2139 longe
451 2065 592 2139 superat.
637 2054 736 2119 Sedes
762 2055 837 2119 illae
861 2054 1060 2138 juventutis,
1094 2076 1174 2140 ques
1271 2136 1277 2147 ,

138 2189 181 2233 ne
203 2167 318 2234 adeant
347 2167 569 2254 duodeviginti
597 2169 646 2231 vel
670 2168 870 2254 undeviginti
896 2170 985 2233 annno
1014 2169 1172 2247 minores,

61 2310 64 2317 ·
141 2304 179 2346 eo
206 2284 312 2347 valere
336 2283 474 2362 debent,
501 2295 536 2347 ut
559 2284 680 2369 ingenii
705 2285 869 2369 animique
896 2283 1049 2365 juvenilis
1071 2285 1173 2360 vires,

141 2399 248 2481 priore
284 2398 484 2470 institutione
512 2398 613 2461 exseri
641 2409 793 2482 coeptae,
831 2397 1044 2482 aequabiliter
1077 2418 1171 2480 porro

141 2512 343 2597 explicentur
363 2510 453 2577 etad
480 2532 550 2576 eam
573 2512 756 2582 nutriantur
779 2532 817 2574 ac
835 2510 1066 2584 confirmentur
1080 2512 1171 2596 cogi·

142 2624 231 2690 tendi
249 2623 431 2712 agendique
453 2624 674 2704 stabilitatem,
697 2626 790 2707 cujus
815 2625 965 2710 participi
986 2629 1096 2689 eitam
1115 2627 1171 2690 tri·

140 2741 220 2804 buas
227 2742 422 2824 propriam.
434 2738 457 2824 ⁸)
481 2740 570 2806 Haeo
581 2751 687 2804 antem
705 2741 770 2804 vita
786 2739 951 2823 praeclare
962 2739 1172 2820 describitur;

141 2856 206 2918 sive
231 2855 336 2938 potius
362 2853 625 2938 conspiciendum
656 2855 849 2939 praebetur,
883 2853 966 2919 hanc
996 2853 1076 2921 adeo
1110 2875 1173 2928 non

140 2989 253 3034 corum
272 2989 354 3046 esse,
366 2968 424 3053 qui
442 2969 547 3040 omnia
560 2969 686 3042 vincula
705 2991 875 3054 respuere,
900 2958 1071 3054 αὐτάρκεις
1085 2967 1173 3047 fieri,

140 3083 205 3146 suis
240 3082 334 3146 unice
360 3082 480 3146 viribus
509 3081 671 3149 considere
702 3095 826 3160 aurant,
858 3093 896 3146 ut
921 3092 1033 3146 contra
1058 3082 1172 3164 juncta

141 3196 252 3263 eadem
279 3196 319 3259 sit
347 3217 421 3258 oum
453 3216 560 3258 amore
589 3205 621 3256 et
653 3196 794 3258 amicitia
825 3205 856 3258 et
885 3216 992 3280 rerum
1019 3194 1174 3259 humane·

141 3333 214 3376 rnrn
240 3332 335 3387 eura,
360 3309 440 3386 nihil
468 3308 597 3372 humani
621 3331 638 3372 a
666 3329 699 3372 so
727 3307 868 3372 alienum
898 3318 1052 3392 putante,
1076 3318 1174 3392 atque
1245 3333 1253 3340 ²

141 3448 179 3490 ex
206 3424 254 3488 bia
284 3423 444 3488 radicibus
475 3445 607 3488 succum
646 3434 676 3486 et
710 3424 850 3507 vigorem
883 3418 1030 3506 ducat.⁴)
1077 3420 1171 3503 Quod

141 3600 345 3614 ff....-..-·---n

176 3733 247 3798 111).
267 3733 318 3784 144

176 3821 202 3885 2)
221 3821 247 3870 Ρ.
267 3818 325 3870 184.
1081 3835 1085 3842 ·

176 3906 203 3971 3}
222 3909 292 3972 lpue
315 3906 439 3956 dicuntur
461 3907 633 3966 oefemclralon
654 3921 704 3954 oon
726 3906 949 3970 aelfstooda'gbes'd
970 3922 994 3968 p.
1019 3902 1082 3959 22&
1104 3904 1172 3952 undo

142 4000 212 4060 putet
230 3995 293 4058 qnid
316 3995 344 4042 Η.
371 3993 401 4041 de
428 3993 480 4041 illio
504 3997 642 4054 statueret,
661 3993 706 4056 qni
731 4009 774 4040 ono
797 3992 910 4040 officinae
937 4005 991 4038 esso
1019 3994 1126 4053 putant,
1145 3989 1171 4036 in

61 4059 66 4066 ⁶
142 4080 237 4144 quibus
260 4080 395 4142 Theologi‚
421 4080 487 4140 teti,
511 4079 615 4138 ldedici,
635 4063 763 4142 tamquam
783 4079 863 4139 labri,
881 4083 962 4125 ortem
983 4076 1095 4124 dionant!
1115 4074 1171 4122 vit.

144 4167 271 4231 Protrept.
287 4165 321 4212 ad
333 4164 386 4212 bon.
405 4171 453 4214 ort.
471 4165 544 4218 Sauo.
562 4183 585 4230 p.
603 4163 643 4212 13.

140 4260 142 4265 ’
178 4251 204 4311 dl
223 4254 249 4301 Ρ.
270 4249 318 4302 211
339 4265 394 4314 sqq.
