2875 5075
766 543 831 605 240

282 716 439 781 Heusdius
463 736 575 801 parurn
606 718 750 781 curabat.
784 714 847 780 Sed
868 736 942 780 cnm
966 716 1098 780 sanioris
1118 718 1232 781 mentis
1251 717 1309 781 ho·

281 833 421 897 minibus
437 852 534 917 quam
554 832 586 895 in
605 844 729 917 partem
740 807 809 895 lum
825 830 1014 909 dissereret,
1031 829 1160 895 efficere
1174 852 1210 895 er
1222 832 1310 897 hisce
1347 851 1351 864 ¹

282 948 377 1024 licet,
398 967 480 1031 qnae
497 944 612 1008 Senem
632 967 725 1010 suum
742 946 774 1008 in
791 944 971 1031 Epistolir
988 943 1148 1008 dicentem
1170 944 1308 1011 induxit.

285 1060 403 1125 olland
425 1061 519 1145 pauci
539 1070 645 1143 patres
670 1058 806 1123 familias
825 1057 905 1122 haec
927 1059 1117 1145 loquuntur.
1130 1093 1170 1103 -—
1183 1060 1242 1122 Rei
1262 1060 1309 1125 la-

113 1162 120 1175 *
193 1232 194 1238 ,
282 1175 397 1239 miliari
418 1176 658 1252 intentussum,
679 1196 739 1239 nec
751 1174 934 1238 teruncium
953 1184 1072 1237 temere
1091 1173 1209 1237 insumi
1220 1175 1307 1255 rolo,

281 1288 355 1369 sed,
381 1289 468 1374 quod
488 1289 663 1353 liberorum
681 1288 903 1354 educationem
922 1290 1055 1368 attinet,
1079 1289 1158 1351 meis
1177 1311 1230 1352 me
1251 1290 1309 1353 bo-

282 1406 330 1467 nis
352 1404 498 1468 omnihus
517 1405 693 1488 privarem,
718 1403 796 1468 hnic
816 1404 877 1467 rite
899 1400 1114 1488 prospiciendi
1134 1403 1246 1488 gratia.
1268 1408 1308 1453 —'

282 1520 367 1583 llaec
388 1517 485 1581 rerba
513 1518 654 1582 animum
685 1518 850 1602 voluptate
879 1500 1094 1602 perfundunt:
1119 1519 1221 1581 etsie
1246 1529 1307 1581 sta·

283 1632 438 1697 tuendum
465 1643 512 1696 est
541 1632 580 1695 de
615 1633 809 1697 civitatibus.
852 1634 922 1696 Non
948 1632 1087 1716 pecnnia
1115 1631 1306 1716 locupletat,

281 1769 346 1812 non
371 1748 531 1832 impensae
567 1746 608 1811 ad
637 1757 858 1831 paupertatem
889 1745 1041 1832 redigunt
1072 1758 1219 1832 gentem:
1255 1745 1310 1809 sed

201 1946 204 1951 Ι
282 1860 410 1947 quando
430 1860 499 1943 ejus
520 1861 709 1925 institutioni
733 1862 777 1923 ita
809 1861 1022 1946 prospicitur,
1053 1870 1090 1924 ut
1119 1860 1309 1924 industriam

282 1958 313 2040 el
339 1975 499 2041 solertiam
520 1986 552 2038 et
575 1996 682 2038 rernm
705 1976 887 2061 graviorum
906 1975 1102 2060 agendarum
1122 1974 1307 2059 cogitanda·

282 2112 419 2176 rumque
446 2090 592 2175 peritiam
611 2111 685 2153 cnm
705 2089 803 2153 animi
821 2091 999 2153 constantia
1019 2089 1172 2175 copulare
1189 2088 1307 2169 discat,

282 2216 349 2269 tum
369 2206 555 2269 innumerae
574 2225 703 2289 prorsus
722 2203 851 2267 illarum
868 2206 1086 2288 impensarum
1101 2225 1220 2267 usurae
1236 2215 1309 2267 sunt

281 2340 341 2383 nec
369 2319 548 2403 computari
578 2339 634 2381 cae
661 2320 762 2403 magis
788 2328 934 2403 possunt,
963 2340 1060 2404 qnam
1086 2318 1242 2403 adstringi
1269 2318 1309 2382 ad

281 2434 423 2499 calculos
442 2444 565 2519 potest,
583 2443 735 2518 qnantum
753 2432 787 2494 in
807 2443 1029 2516 paupertatem
1040 2443 1072 2495 et
1091 2434 1310 2519 corruptelam

281 2573 358 2638 gens
378 2549 545 2615 delabatur
567 2571 693 2614 necesse
712 2549 770 2629 sit,
786 2547 877 2631 cujus
894 2549 1052 2614 institutio
1070 2549 1242 2613 tenacitate
1261 2549 1309 2612 rel

280 2687 427 2750 perversa
463 2665 701 2750 computatione
732 2659 987 2750 negligitur.»¹)
1029 2665 1178 2730 Ceterum
1209 2663 1309 2728 colle·

282 2801 341 2865 gae
375 2781 485 2866 quanti
511 2777 645 2842 Heusdii
677 2789 749 2842 vota
779 2779 940 2856 lacerent,
979 2788 1050 2862 post
1083 2777 1151 2861 ejna
1184 2777 1308 2852 obitum

282 2892 464 2957 luculenter
500 2893 687 2976 probarunt.
745 2893 828 2956 llum
867 2891 952 2956 enim
990 2912 1093 2978 quum
1127 2893 1187 2957 snb
1226 2895 1307 2956 vitae

282 3007 377 3070 [inem
404 3006 541 3091 aptiores
569 3005 662 3070 aedes
690 3027 814 3070 summo
835 3029 929 3092 saepe
945 3007 1021 3090 jure
1049 3008 1222 3093 Gymnasio
1251 3029 1306 3091 op·

281 3133 401 3186 tantem
430 3120 643 3201 audivissent,
675 3120 759 3186 hanc
785 3143 853 3185 rem
879 3102 1105 3186 studiosissime
1129 3122 1164 3184 in
1188 3123 1305 3184 Senatu

281 3238 410 3302 Urbano
440 3234 617 3322 urgendam
646 3257 712 3300 esse
741 3248 952 3316 censuerunt,
976 3237 1037 3300 sibi
1065 3237 1185 3322 quippe
1213 3236 1305 3300 amici

280 3363 442 3437 tamqnam
462 3349 574 3414 ultima
596 3349 759 3414 voluntate
776 3349 967 3416 mandatam.
999 3350 1213 3416 devotorum
1235 3352 1304 3438 qni·

279 3464 353 3530 dem
367 3476 528 3548 compotes
548 3475 734 3542 evaserunt,
749 3486 930 3550 novumque
940 3466 1147 3550 Gymnasium
1159 3465 1221 3528 hoc
1238 3465 1305 3549 ipso

279 3601 362 3644 anno
378 3581 604 3666 inauguratum
624 3590 678 3641 est.
711 3579 775 3642 Nos
791 3580 920 3665 cognita
929 3561 1129 3645 'Curatornm
1145 3603 1221 3665 erga
1240 3578 1304 3642 eol-

280 3695 385 3780 legam
406 3693 525 3778 pietate
541 3691 723 3778 hujusque,
742 3693 776 3754 in
795 3695 968 3758 minoribus
988 3694 1088 3774 adeo,
1116 3695 1304 3758 sententiam

280 3807 435 3896 probandi
461 3807 641 3887 voluntate,
664 3809 846 3894 accepimus
866 3830 969 3875 omen.
1056 3810 1060 3816 ⁴
1095 3816 1099 3822 ’

324 3924 403 4006 Quis
428 3925 521 3988 vitam
541 3921 671 3986 lleusdii
691 3922 944 4007 contemplatus,
969 3923 1080 3988 ntilem
1103 3945 1179 3988 eum
1204 3922 1304 3986 civem

278 4138 479 4150 *nnn-—

315 4273 341 4338 1)
360 4277 405 4323 Br.
424 4290 482 4324 over
503 4277 536 4324 Η.
555 4276 618 4324 Oud.
637 4292 661 4340 p.
677 4273 735 4323 203.
