2875 5075
722 488 808 577 'st

269 690 327 755 hos
349 690 462 753 critica
485 689 614 753 omnino
631 684 803 773 diligentie
818 696 853 751 ot
871 684 1051 754 secundnm
1068 685 1214 751 eundem
1241 708 1299 771 po·

268 804 421 891 pulcrum
450 801 686 867 successionem
715 798 927 869 consulendos
952 811 987 863 et
1006 800 1145 865 invicem
1167 820 1298 887 compa·

269 918 396 984 rutulos.
430 918 544 983 Fontes
563 926 670 981 entem
689 912 820 994 dicens,
845 936 910 981 non
928 913 1079 981 historice
1097 926 1224 981 tantum
1242 937 1299 980 ro·

269 1033 358 1097 lebat
386 1032 530 1119 gentium
554 1031 693 1115 scripta,
725 1029 760 1093 in
785 1028 904 1116 quibus
929 1052 949 1095 e
974 1028 1084 1094 multis
1110 1027 1187 1093 inde
1208 1030 1301 1097 ennio

269 1158 357 1213 totus
388 1156 474 1225 erat;
517 1144 573 1209 sed
598 1144 875 1229 complectebatur
910 1142 974 1209 hoc
999 1144 1127 1209 nomine
1157 1143 1301 1229 ipsarum

270 1262 380 1348 poesin
398 1272 429 1325 et
446 1261 577 1339 literas,
601 1258 836 1344 philosophiam
856 1270 889 1322 et
911 1258 1114 1343 disciplinas,
1145 1258 1228 1344 quin
1244 1282 1301 1324 ar-

268 1387 316 1440 tes
341 1375 438 1439 etiam
463 1394 638 1459 earumque
666 1381 885 1441 monumenta.
915 1374 960 1438 Ex
984 1372 1035 1437 his
1062 1372 1212 1440 omnibns
1238 1374 1310 1439 eibi'

268 1488 524 1577 cognoscendam
544 1488 677 1574 putabat
696 1488 896 1574 peculiarem
921 1487 1063 1553 indolem
1089 1487 1303 1572 uniuscujus-

269 1624 334 1691 que
351 1603 548 1690 pcpulorunt
566 1602 671 1681 orbis,
695 1602 918 1689 singularum,
942 1623 1028 1689 quac
1046 1602 1109 1669 sibi
1124 1603 1302 1667 successis-

268 1729 361 1798 seut,
394 1718 520 1804 generis
554 1716 685 1781 humani
713 1718 863 1803 partium.
891 1714 916 1801 ¹)
956 1716 1175 1803 Perspiciohct
1198 1717 1302 1804 igitur

270 1832 452 1919 argumenti
471 1831 521 1895 sui
541 1831 806 1916 amplitudinem,
839 1852 976 1918 eamque
990 1853 1092 1918 quom
1108 1852 1173 1898 uon
1192 1832 1303 1897 refor-

223 2005 226 2011 Δ
270 1946 426 2026 midaret‚
456 1945 532 2013 hine
559 1946 715 2033 exquisita
743 1946 861 2011 senu‘m
878 1945 972 2018 fluxit
988 1946 1175 2011 scholarum
1193 1958 1301 2013 extra·

269 2062 505 2127 ordinariorum
515 2060 718 2127 varietas.'llt
728 2060 1300 2148 eniminquirendoprogrsdiehotur,

216 2188 218 2192 ’
270 2177 316 2241 ita
334 2176 514 2249 studiorum
532 2176 677 2253 fructus,
701 2174 1041 2256 historidliterarum,
1065 2176 1300 2262 philosophiae,

185 2289 187 2300 '
270 2291 388 2355 artium
404 2291 610 2376 antiquarum
629 2301 664 2356 et
687 2290 905 2355 recentiorum
922 2290 1096 2371 tradendi,
1119 2292 1300 2356 communi·

272 2425 346 2470 earo
363 2426 440 2471 eum
462 2404 626 2491 discipulis
643 2404 779 2474 solebat.

315 2518 354 2588 lu
373 2518 487 2586 studiis
509 2518 601 2585 hisee
617 2518 778 2586 Heusdius
810 2519 873 2586 alia
898 2519 970 2587 aliis
996 2519 1128 2600 dehuit,
1160 2541 1301 2607 quorum

270 2649 303 2701 et
325 2637 454 2700 nomine
482 2635 650 2700 nobiscum
676 2636 925 2704 communicarit
952 2646 985 2699 et
1013 2637 1077 2700 rim
1105 2635 1236 2700 tradidit
1259 2635 1302 2700 ad

271 2750 422 2814 maximas
451 2747 655 2816 difficultates
684 2749 801 2814 sensim
818 2749 1042 2834 expediendas.
1089 2752 1226 2816 Tantum
1243 2773 1302 2816 eu·

270 2875 354 2942 tem,
378 2873 536 2949 qnantum
557 2855 726 2942 Heereno,
756 2865 972 2929 recentiorum
991 2863 1226 2955 historicorum
1244 2887 1303 2930 ac-

271 2988 401 3062 ceptum
426 2978 503 3041 tulit
521 2977 651 3043 nemini.
697 2978 818 3061 Hujus,
849 2999 933 3065 quae
957 2978 1065 3046 adhuc
1095 2978 1300 3064 prodierant,

270 3091 520 3178 disquisitiones,
540 3092 598 3158 etsi
616 3092 677 3156 sihi
691 3105 939 3179 comparaverat,
948 3095 1048 3179 paulo
1066 3095 1167 3159 scrius
1181 3117 1302 3183 cogno·

271 3206 337 3286 vit,
369 3206 461 3272 initio
494 3228 547 3270 eos
562 3207 693 3272 tortasse
717 3207 859 3272 nendum
884 3208 1005 3273 hahens
1040 3231 1241 3296 progressus,
1263 3222 1303 3274 ut
1415 3265 1418 3270 .

271 3321 485 3406 multiplicem
504 3321 634 3386 illarum
650 3323 877 3407 praestantium
895 3324 1113 3409 perspiceret.¹
1126 3323 1191 3388 Sed
1209 3336 1302 3410 post-

271 3457 369 3522 quam
390 3436 507 3514 tertio,
532 3448 688 3521 quartove
706 3437 849 3502 muneris
864 3460 948 3502 anuo
964 3438 1038 3502 illes
1050 3438 1175 3504 esudue
1192 3440 1302 3525 legere

270 3551 401 3635 suisque
428 3548 470 3612 de
497 3549 710 3615 Orientalium
734 3551 928 3636 populorum
944 3552 1075 3620 historia
1095 3539 1300 3638 opinionibus

270 3663 424 3729 adhihere
443 3675 613 3750 coeperet,
635 3663 810 3734 admodum
830 3667 985 3732 cautinum
1006 3667 1095 3732 hunc
1110 3669 1301 3755 scriptorem

270 3778 427 3866 probarit.
461 3780 628 3844 Praeterea
638 3784 650 3860 ,’
672 3801 709 3844 eo
728 3780 833 3861 duce,
862 3793 1076 3849 mercaturam
1101 3792 1135 3846 et
1160 3783 1301 3848 colonias

156 3892 158 3896 ’
269 3894 396 3980 antiqui
413 3893 500 3958 crhis‘
515 3895 669 3960 mentius
689 3908 853 3980 spectare,
868 3897 1075 3962 arctissimam
1085 3897 1300 3984 geographiae

275 4113 476 4125 —u—-——-

306 4261 331 4327 1)
351 4264 444 4312 School
460 4279 510 4314 oon
526 4266 614 4329 Polyb.
637 4283 662 4330 p.
681 4265 715 4314 23
728 4283 783 4332 sqq.
