2875 5075
604 538 668 600 239

123 712 228 777 dictus
248 722 307 778 est.
337 710 436 795 Cujus
457 706 542 774 effati
564 711 628 774 sim
647 712 691 775 ita
712 712 850 796 quisque
870 713 1004 777 maxime
1030 714 1151 777 intelli·

123 840 195 914 get,
215 839 252 891 ut
268 826 507 893 accuratissime
523 825 718 889 lleusdianas
735 824 776 888 de
793 826 973 913 Gymnasiis
985 830 1150 919 opiniones

123 964 159 1005 ex
176 940 358 1027 Epistols's
376 939 415 1003 de
432 940 661 1005 Institutione
671 938 854 1025 Superiora
871 942 1036 1026 cognorit,
1060 944 1152 1027 prin-

123 1057 273 1141 cipiaque
290 1055 359 1119 illio
372 1054 511 1140 exposita
530 1055 590 1139 ipsi
607 1053 734 1117 assidue
749 1055 856 1118 animo
871 1056 1036 1123 obversata
1053 1057 1152 1121 fuisse

122 1182 230 1234 teneat
248 1170 281 1232 in
300 1170 483 1233 scholarum
500 1168 755 1251 Trajectinarum
772 1190 860 1235 cura.
875 1166 901 1255 ¹)
932 1172 972 1234 Et
988 1170 1072 1235 banc
1092 1194 1149 1236 ou·

123 1306 189 1363 ram
222 1284 280 1349 ille
315 1305 379 1348 non
417 1284 523 1347 invitis
561 1283 617 1347 sed
648 1284 859 1369 probantibus
893 1284 1026 1369 collegis
1059 1285 1150 1352 adhi-

122 1399 241 1479 bebat,
264 1400 337 1465 viris
359 1397 612 1484 prudentissimis
640 1420 829 1485 summaque
859 1398 930 1483 ejus
951 1398 1154 1465 humanitate

126 1526 157 1579 et
185 1514 404 1578 moderatione
431 1512 656 1599 gaudentibus.
683 1514 882 1599 ‘Numquam
911 1515 1008 1577 enim.
1025 1537 1094 1593 res,
1117 1517 1151 1579 in

126 1630 244 1715 quibus
264 1628 336 1713 plus
355 1627 425 1692 aliis
442 1626 587 1707 videbat,
604 1629 795 1692 auctoritate
811 1650 868 1692 sua
886 1650 1022 1714 urgere,
1038 1652 1152 1693 rerum

125 1744 303 1808 rationibus
318 1743 421 1807 allatis
439 1741 665 1807 commendare
686 1743 882 1822 conabatur,
907 1764 1014 1829 neque
1036 1744 1069 1807 in
1088 1744 1152 1823 his,

126 1859 285 1944 usquein
312 1858 402 1935 aliis,
426 1856 482 1920 ubi
505 1858 662 1921 sententia
685 1856 822 1923 dicenda
840 1869 928 1937 erat,
952 1858 1156 1926 consessibus

125 1973 162 2037 iis
181 1994 215 2037 se
226 1993 447 2058 praeponens,
465 1992 539 2037 cum
552 1972 670 2057 quibus
682 1983 902 2058 eratcumque
924 1994 1004 2052 uua,
1023 1973 1078 2036 sed
1095 1974 1152 2037 ad·

126 2086 266 2151 mirabili
287 2088 480 2172 conspicuus
499 2088 677 2150 animorum
696 2086 970 2151 conciliandorum
988 2088 1098 2155 studio
1120 2099 1153 2152 et

125 2197 338 2285 facultate,²)
367 2212 435 2265 tum
461 2199 643 2265 tortitudini
671 2202 706 2263 in
733 2221 787 2281 re,
808 2202 836 2264 si
869 2201 999 2287 quando
1030 2203 1152 2289 requiri

126 2328 274 2403 putaret,
297 2316 474 2380 arctissime
496 2336 620 2401 semper
634 2316 822 2380 suavitatem
838 2318 871 2380 in
889 2316 984 2381 modo
998 2316 1150 2403 jungens.

123 2432 232 2496 luisse
248 2442 356 2496 autern
373 2432 468 2510 novi,
486 2431 520 2494 i'n
537 2451 602 2517 quo
621 2429 782 2497 interdum
801 2432 843 2495 ab
864 2454 902 2495 eo
917 2431 1151 2499 dissentiretur.

125 2549 258 2630 Quoties
277 2548 362 2612 onim
382 2545 546 2633 Gymneiii
566 2545 733 2611 commoda
753 2533 951 2634 agebantur,
975 2569 1038 2611 non
1059 2550 1154 2613 auxie

12 2739 14 2750 Ι
125 2664 179 2726 ille
203 2674 326 2726 sumtus
346 2660 550 2727 considerare
571 2663 761 2726 censebatur
780 2683 818 2727 ex
836 2662 960 2726 urbano
977 2663 1100 2727 aerario
1119 2663 1153 2726 in

12 2781 13 2786 ’
125 2797 161 2841 ea
176 2777 366 2863 erogandos.
396 2778 504 2858 Quam
520 2767 749 2863 negligentiam
766 2777 791 2840 si
809 2775 894 2840 forte
911 2777 935 2841 ii
952 2776 1048 2841 lando
1059 2776 1153 2841 eudi-

126 2903 216 2971 rent,
247 2892 364 2982 quibus
394 2891 474 2960 nibil
500 2891 732 2970 excellentius,
753 2890 893 2956 divinius
914 2891 994 2956 nibil
1016 2892 1154 2977 pecunia

126 3020 172 3073 est
185 3027 380 3093 omnemque
392 3007 626 3070 institutionem
638 3027 739 3092 quana
755 3006 894 3078 minimis
909 3007 1060 3091 impensis
1076 3028 1155 3070 con·

125 3121 370 3214 tineriplaoet‚
396 3120 452 3184 bos
474 3129 586 3205 pectus
607 3121 639 3183 in
662 3121 748 3183 omui
768 3119 892 3184 scilicet
914 3119 1085 3206 largitione
1104 3142 1155 3183 re-

126 3235 354 3320 prehendenda
368 3235 505 3299 disertos
524 3233 679 3298 faciebat.
706 3235 746 3296 Et
761 3234 896 3298 istorum
912 3233 1045 3320 quidem
1062 3257 1154 3299 voces

123 3491 329 3510 W

163 3674 189 3742 1)
208 3677 264 3728 via.
289 3675 383 3726 Elkeri
416 3677 503 3742 Epist.
535 3675 571 3726 ed
598 3676 714 3724 Fratrem
737 3675 805 3727 laud.
832 3693 860 3740 p·
886 3674 949 3730 tet
972 3676 1017 3729 2⁹.
1057 3679 1155 3746 Operae

124 3768 211 3812 autem
229 3763 339 3826 pretium
359 3767 398 3815 est
416 3763 489 3811 Doot.
510 3763 559 3810 siri
581 3761 784 3826 disquisitionem
804 3763 836 3810 de
858 3764 944 3826 Gyras.
962 3763 1073 3833 Trcp'oct.
1090 3767 1155 3814 into·

124 3851 194 3898 riore
206 3850 307 3896 ratione
321 3863 380 3896 ourn
392 3849 496 3896 Heusdii
512 3849 629 3896 conferre
649 3848 793 3912 Epi-stolis,
809 3865 834 3912 p.
852 3847 903 3897 142
918 3865 973 3912 sqq.
997 3850 1156 3912 intelligitur

124 3939 233 4000 sponte,
248 3933 308 3998 qul,
327 3939 357 3982 ut
371 3934 416 3982 tlte
432 3951 457 3998 p.
476 3932 509 3985 ³3
523 3935 633 3997 iultoat,
656 3935 705 3982 boc
722 3934 751 3982 tu
769 3934 856 3998 pride
871 3936 988 3999 ιιῳίοο,
1004 3939 1157 4000 praecepto-

124 4021 196 4070 ribus
214 4020 365 4082 Trajectinis
384 4020 515 4068 meliorem
533 4020 641 4085 experiri
660 4020 764 4068 licuerit
780 4020 890 4068 docendi
905 4021 978 4070 riam.
1021 4029 1028 4043 ’

160 4103 186 4169 2)
206 4107 260 4154 Van
288 4107 454 4169 Goudoever,
480 4107 584 4154 lleusdii
610 4122 654 4170 per
675 4106 766 4168 viginti
785 4111 896 4169 quatuor
915 4123 996 4176 annos
1011 4107 1040 4155 iu
1061 4107 1156 4155 &natu

124 4193 277 4240 Academico
295 4197 322 4240 et
335 4193 465 4240 Facultate
481 4191 599 4240 literaria
619 4191 736 4254 collega,
753 4190 779 4239 in
794 4192 980 4256 levemtessgt
993 4208 1067 4256 supra
1083 4209 1107 4256 p.
1123 4189 1158 4240 94

125 4279 195 4328 laud.
212 4295 236 4343 p.
257 4277 299 4328 18.
