2875 5075
600 536 661 595 153

13 756 15 771 .
107 704 246 793 dignitas
275 704 435 771 scribendi
456 727 576 770 moram
604 719 757 793 negaret,
788 708 851 789 jam
879 710 1003 794 vesperi
1032 709 1138 773 addita

13 820 14 851 ³
105 820 155 883 illi
168 793 320 906 epistolae
337 822 486 907 ponitur,
506 842 589 907 quae
605 842 698 885 mane
718 823 836 907 scripta
847 824 972 887 luerat:
997 826 1031 887 in
1049 846 1139 887 men·
1181 897 1186 904 ,

91 935 195 999 vtione
223 956 287 999 non
311 936 420 1015 unius,
444 936 499 999 sed
520 936 940 1023 pluriumepistolograplri
968 960 1044 1001 oum
1064 959 1139 1001 sene

105 1070 167 1113 suo
182 1049 435 1136 colloquiorum,
457 1050 590 1136 qualit,
616 1060 653 1115 ut
670 1072 777 1138 neque
797 1051 905 1131 illius,
927 1053 1065 1117 multum
1079 1074 1138 1117 ao-

106 1150 286 1250 eurateque
298 1166 499 1243 enarrantis,
521 1166 675 1230 memoria
694 1164 895 1231 incredibilis
916 1177 1086 1251 appareat,
1106 1176 1139 1230 et

105 1300 168 1341 uos
193 1255 411 1342 binis-saltem
439 1278 628 1366 colloquiis,
660 1279 756 1363 alteri·
772 1282 805 1343 in
833 1281 916 1343 senis
944 1279 1077 1345 aedibus
1105 1282 1141 1344 in

105 1391 242 1457 multam
264 1402 391 1455 noctem
410 1392 603 1477 productae,
627 1394 719 1459 alteri
745 1416 842 1459 verno
860 1416 953 1459 mane
974 1396 1008 1457 in
1034 1416 1140 1459 amoe-

106 1507 239 1572 nissima
256 1507 387 1592 Hagaua
413 1506 506 1593 sylva
528 1507 654 1575 habitae
679 1510 768 1573 velut
786 1521 966 1594 praesentes
987 1509 1138 1575 absir'nus.

104 1620 161 1685 sto
180 1620 266 1684 enirn
285 1618 478 1701 dicendum,
497 1620 599 1708 eaque
622 1622 784 1689 scribendi
803 1623 1029 1710 referendique
1044 1646 1140 1709 prae·

103 1736 229 1801 stantia-
251 1745 298 1798 est
306 1782 317 1813 ,,
350 1746 389 1799 ut
426 1737 625 1802 sermonibus
657 1760 713 1803 eos
744 1739 898 1803 interesse
929 1749 1079 1823 putemus
1106 1750 1140 1803 et

99 1850 237 1913 omnino
262 1858 401 1913 mentem
425 1850 558 1915 miriliee
585 1851 625 1917 ad
652 1852 861 1939 cogitandum
878 1850 1002 1917 intendi
1020 1854 1141 1917 sentia·

104 1986 190 2038 mus.
225 1963 306 2047 Sunt
329 1964 387 2049 qui
405 1964 468 2028 boe
496 1966 678 2032 Heusdiano
698 1967 842 2031 tribuant
866 1967 1006 2031 Platonis
1032 1966 1139 2033 studio

102 2078 278 2163 ipsumque
295 2079 452 2143 affirment
462 2083 589 2166 penitus
607 2084 719 2147 sesain
739 2081 859 2169 dialogi
876 2082 1034 2147 Platonici
1046 2093 1139 2146 natu·

104 2214 175 2257 ram
193 2193 378 2261 insinuasse.
414 2193 474 2260 Cui
489 2196 676 2273 sententiae
699 2196 762 2262 beo
785 2194 935 2283 equidem
956 2194 1139 2261 addendam

103 2308 232 2387 babeo,
249 2308 426 2375 lleusdium
445 2310 555 2375 bacin
577 2332 611 2374 re
630 2310 715 2377 haud
729 2312 862 2376 fortasse
875 2312 983 2375 minus
994 2309 1139 2376 assiduae
1203 2311 1205 2314 ’

101 2426 254 2491 debuisse
277 2424 462 2511 opinionum
486 2446 614 2491 suarum
644 2426 758 2491 ordine
784 2424 1044 2510 exponendarum
1060 2444 1138 2489 oon·

13 2537 14 2542 ’
97 2540 282 2607 suetudini.
315 2542 404 2605 Hane
425 2541 454 2602 ei
478 2540 518 2604 ab
539 2541 633 2604 initio
652 2539 765 2603 saltem
791 2539 965 2622 Trajeotini
987 2540 1138 2624 temporis

98 2655 144 2720 ad
162 2653 257 2718 illum
285 2654 353 2718 lere
380 2635 501 2717 anniam
526 2651 622 2717 luisse
654 2664 796 2734 constat,
829 2649 895 2740 qno
920 2654 1019 2719 libros
1041 2649 1138 2718 eder'e

99 2768 256 2833 instituit.
302 2768 416 2834 Multas
442 2767 540 2846 adeo,
566 2768 700 2854 singulis
721 2768 828 2848 annis,
851 2769 1085 2855 disquisitiones
1103 2770 1137 2833 in

101 2882 268 2946 volumina
293 2883 413 2946 referre
439 2881 571 2947 solebat.
613 2882 703 2965 Quae
725 2904 827 2970 quum
846 2885 891 2948 ita
909 2884 1049 2970 privatis
1071 2856 1136 2950 usi·

102 2998 165 3061 bus
192 2995 350 3062 destinata
381 3007 504 3076 essent,
537 2996 647 3062 eadem
676 3009 713 3062 ut
745 2992 811 3061 aaa
835 3020 966 3077 arenoso
989 3011 1136 3078 voearet,

102 3112 179 3176 satis
211 3131 270 3196 ego
297 3111 331 3174 in
356 3110 394 3174 iis
426 3111 534 3174 mirari
562 3109 647 3175 haud
676 3112 765 3196 potui
794 3111 969 3181 disserendi
994 3113 1138 3177 ordinem

103 3225 322 3310 orationisque
340 3225 529 3310 elegantiam
547 3235 578 3287 et
597 3226 849 3310 progressionem
867 3226 931 3288 stili
941 3248 949 3303 3
971 3227 1050 3310 quin
1064 3227 1138 3289 dra·

103 3342 255 3404 maticam
273 3361 366 3425 saepe
384 3340 498 3424 agnovi
516 3337 664 3402 dietioms
684 3337 859 3431 rationem,
877 3350 909 3403 et
926 3338 999 3404 loea
1013 3341 1078 3425 legi
1098 3339 1139 3404 de

104 3455 200 3519 variis
222 3454 406 3539 aequalium
428 3473 457 3518 v.
481 3475 511 3518 e.
526 3449 704 3517 ¹erroribus
731 3452 963 3518 Demosthenea
983 3448 1140 3540 δεινότητι

103 3569 301 3654 perscripta,
325 3563 534 3655 intellexique
553 3569 699 3648 omniuo,
725 3569 863 3632 multum
880 3569 1041 3637 seribendi
1062 3589 1138 3633 eone

105 3681 309 3748 suetudinem
330 3685 365 3746 in
391 3681 531 3748 Heusdio
549 3685 627 3747 item
654 3684 755 3747 visua
779 3683 989 3751 saluberrima
1008 3683 1139 3747 minime

106 3801 257 3864 caruisse.
293 3799 387 3880 Quod
407 3809 513 3862 autern
534 3797 761 3882 ejusepistolas
774 3797 934 3884 legentes,
955 3820 1139 3862 sermonum

105 3915 155 3978 his
179 3925 397 3978 enarratorum
418 3935 473 3977 nos
493 3933 602 3999 reapse
620 3913 780 3979 auditores
800 3925 968 3997 putamus,
992 3913 1054 3976 hoo
1074 3933 1138 3976 non

107 4028 235 4093 suarius
256 4028 296 4091 ob
317 4049 498 4092 sermonum
515 4028 704 4115 gravitatem
723 4027 861 4106 accidit,
883 4049 980 4114 quam
1000 4028 1138 4091 obama·

106 4145 265 4209 bilitatem
285 4143 577 4209 sermocinantium.
622 4144 744 4224 Horum
765 4142 822 4228 qui
840 4141 958 4226 primas
982 4143 1066 4228 agit,
1091 4165 1139 4206 se·

108 4282 181 4324 nem
213 4259 330 4350 refert,
356 4259 446 4341 cujus
475 4281 490 4322 a
521 4259 639 4335 latere„
672 4257 779 4344 quoad
808 4278 914 4342 posses
941 4268 973 4319 et
1002 4258 1134 4336 liceret,
