2875 5075
779 523 842 585 140

278 694 427 781 ,bominis
447 694 531 757 enim
552 694 690 780 spectari
712 690 753 759 ad
775 694 940 758 teutatem
959 685 1171 782 περωγωγήν.
1203 694 1245 759 llt
1263 694 1324 760 nl·

288 809 402 873 timum
418 808 478 894 qul
503 806 666 871 mittamus
688 807 883 873 Initiorem
901 806 1078 872 volumen?
1114 805 1205 871 ldem
1226 808 1321 888 illic,

286 934 385 1008 atque
404 922 440 985 in
460 921 699 1007 superioribus,
722 921 765 985 ab
785 922 856 1007 ipsu
881 920 1018 986 beminis
1036 919 1145 985 indole
1168 934 1323 997 contem,-

287 1034 404 1122 planda
424 1033 606 1116 exordium,
624 1046 662 1100 ut
679 1035 756 1100 binc
767 1034 913 1119 justitiae
928 1035 1077 1121 vitaeque
1093 1034 1208 1101 beutm
1224 1037 1323 1123 prin-

288 1150 372 1236 cipis
393 1148 557 1216 Platonico
580 1160 751 1231 eruantur3
787 1149 862 1230 sed,
884 1149 973 1237 quod
992 1150 1117 1215 Platoni
1151 1150 1322 1236 inprimis

287 1262 456 1351 placebat,
482 1264 574 1329 nobis
602 1275 710 1329 cutem
729 1266 848 1330 mirum
876 1286 915 1331 uc
942 1286 1044 1351 prope
1068 1262 1245 1329 absurdunt
1266 1265 1322 1327 si·

287 1378 418 1461 deatur,
452 1390 519 1444 tuns
549 1378 710 1444 civitatem
740 1380 775 1443 in
805 1378 935 1445 homine
970 1400 1069 1465 qnam
1095 1376 1260 1443 hominem
1283 1379 1322 1442 iu

288 1494 419 1560 civitate
446 1492 668 1574 considerare,
701 1492 765 1558 boc
793 1504 831 1558 ut
857 1492 958 1579 probe
984 1492 1185 1577 intelligutur
1211 1502 1246 1556 et
1272 1492 1321 1557 sic

287 1608 467 1695 peculiares
484 1606 666 1695 philosophi
684 1608 730 1671 iu·
746 1606 870 1691 justitia
892 1604 1086 1674 vindicando
1102 1604 1231 1686 landes,
1253 1607 1321 1671 imo

288 1722 441 1809 politicae
463 1732 562 1808 atque
593 1720 718 1792 ethicae
736 1721 911 1786 arctissima
930 1718 1134 1802 uecmsitudo
1150 1719 1319 1799 eluceant,

289 1830 445 1903 summam
466 1836 508 1901 ab
530 1836 704 1923 interprete
727 1856 858 1923 operam
884 1833 954 1899 dari
976 1833 1133 1900 ridemus.
1166 1835 1234 1901 Nec
1254 1832 1320 1899 mi·

290 1946 374 2018 rum.
407 1951 470 2015 Hie
490 1951 575 2015 enim
603 1950 764 2037 principia
790 1962 931 2037 aguntur
949 1950 1032 2015 ritae
1051 1948 1175 2028 civilis,
1197 1949 1234 2012 in
1255 1969 1321 2036 qua

290 2066 393 2153 quum
425 2063 522 2129 bomo
547 2065 654 2129 rivere
684 2063 801 2129 debeat
829 2084 967 2151 suasque
993 2061 1124 2127 demum
1150 2061 1319 2127 facultates

289 2180 351 2244 rite
364 2178 510 2245 excolere
526 2178 643 2265 possit,
662 2176 782 2265 ecquid
799 2200 840 2243 eo
854 2177 1213 2265 argomento'gravius‘3
1230 2173 1320 2263 qnod

284 2292 442 2377 justitiam
464 2292 599 2379 ejusque
621 2293 686 2357 sim
712 2291 754 2357 ud
772 2293 934 2357 civitatem
951 2290 1150 2360 fulciendam
1175 2290 1320 2378 dignitu-

290 2418 421 2495 tcmqne
449 2428 604 2473 summanr
630 2428 648 2471 e
678 2405 792 2471 morali
818 2405 954 2471 hominis
977 2416 1093 2471 natura
1112 2403 1320 2491 repetendam

290 2545 358 2589 esse
392 2521 561 2589 ostendat?
599 2521 683 2588 Illuc
708 2519 868 2587 lleusdius
899 2531 966 2586 tum
995 2519 1188 2606 inscriptis
1217 2542 1316 2608 quam

291 2659 397 2708 coram
421 2636 585 2723 discipulis
613 2636 795 2722 saepissime
813 2635 959 2717 redibat,
981 2624 1163 2722 horumque
1191 2635 1227 2699 in
1255 2657 1303 2700 nu

290 2772 380 2817 mero
399 2750 504 2815 dubiis
524 2749 604 2816 udeo
627 2753 774 2835 Europae
796 2751 995 2837 temporibus
1013 2751 1110 2816 luisse
1136 2750 1196 2836 qui
1213 2750 1322 2835 ipsum

290 2863 331 2929 dc
350 2864 483 2930 Platone
502 2862 710 2942 disserentem
728 2863 967 2950 intelligerent,
986 2865 1074 2941 testis
1091 2875 1139 2928 est
1154 2863 1321 2950 praeclara

289 2978 399 3044 Geerii
417 2979 457 3042 io
469 2977 630 3063 politices
646 2977 850 3042 Platonicos
862 2981 1043 3066 principia
1057 2979 1229 3059 -lliatribc,
1250 2989 1322 3044 tum

221 3073 225 3084 Ι
291 3091 395 3173 edita,
419 3113 520 3179 quum
538 3093 639 3158 omnis
656 3092 802 3177 justitiae
825 3095 998 3159 auctoritas
1023 3094 1191 3159 interitura
1209 3105 1244 3159 et
1263 3116 1321 3180 po⁴

291 3207 399 3287 litioa,
416 3191 532 3272 'fraudo
543 3217 640 3294 atque
658 3207 795 3274 fallaciis
811 3219 979 3288 constans,
996 3209 1101 3274 omnia
1118 3229 1248 3295 pessum
1262 3199 1320 3273 d'u·

291 3333 365 3388 turc
386 3321 566 3389 videbatur.
1205 3333 1207 3337 ’

335 3436 519 3500 Peculiares
541 3435 686 3520 proiecto
701 3435 1070 3522 suntlleusdianooperi
1079 3436 1224 3503 virtutes.
1248 3437 1320 3502 Non

159 3545 164 3549 ’
291 3549 364 3615 dico
388 3548 569 3636 elegantem
595 3550 747 3614 orationis
771 3550 1025 3636 simplicitatem,
1056 3560 1253 3616 non.acutas
1279 3549 1320 3614 de

291 3663 384 3728 scriis
420 3663 559 3728 Plutonis
595 3661 731 3750 dialogis
765 3663 1068 3730 animadversiones·
1087 3675 1144 3730 unt
1172 3665 1320 3751 exquisi-

292 3789 342 3845 tae
367 3777 512 3843 lectionis
543 3789 640 3864 atque
666 3776 856 3844 eruditionis
879 3777 1019 3858 indicia,
1051 3799 1093 3842 ne
1121 3778 1320 3866 singularem

290 3893 421 3981 quidem
433 3891 620 3958 observandi
630 3891 916 3981 distinguendiquc
924 3893 1088 3958 solertiam
1098 3895 1187 3960 solo:
1201 3915 1322 3981 quam·

291 4027 388 4094 quum
398 4007 478 4073 boec
497 4007 602 4072 omnia
619 4028 698 4093 opus
710 4006 950 4073 commendant:
970 4029 1082 4073 serum
1095 4007 1320 4074 admirabilem

291 4120 436 4206 significo
454 4123 529 4188 libri
552 4122 616 4186 sim
633 4120 673 4188 ad
689 4120 909 4189 inducendum
927 4123 962 4188 in
982 4123 1109 4209 scripta.
1121 4134 1154 4188 ct
1172 4122 1320 4209 pbiloso-

291 4231 399 4318 phiam
417 4235 566 4303 Platonis.
599 4236 686 4302 llaec
710 4236 798 4302 enim
815 4236 935 4324 scripta
958 4258 1061 4324 quum
1088 4259 1151 4304 non
1175 4238 1318 4304 citentur
