2875 5075
611 534 672 595 149

124 703 230 767 larum
242 713 382 767 aetatum
401 702 513 769 studiis
525 716 556 767 et
573 704 761 783 affectibus,
779 706 946 770 enaturali
961 707 1152 771 facultatum

123 839 191 881 sese
210 817 437 903 explicantium
460 819 681 903 progressione
701 818 901 898 efficeretur,
922 830 959 885 ut
984 822 1030 887 sic
1053 825 1155 906 pria·

19 974 20 977 =
123 934 223 1017 cipio·
247 933 484 1021 invenirentur,
515 933 632 1018 quibus
659 934 835 1019 perspectis
857 934 1047 999 facillimum
1074 946 1155 1000 esset

67 1041 82 1067 ''
122 1046 368 1113 Academiarum
381 1046 629 1113 ordinandarum
646 1049 831 1135 negotium,
847 1049 1008 1133 principia
1025 1052 1155 1115 omuino

124 1161 350 1239 iustitutionis,
377 1182 461 1246 quae
485 1162 526 1227 ad
548 1162 691 1226 animum
716 1184 778 1246 non
799 1164 905 1230 minus
928 1185 1026 1249 quam
1045 1163 1086 1227 ad
1105 1164 1154 1227 in·

123 1275 253 1361 genium
273 1277 431 1361 pertineat
449 1296 566 1361 eoque,
580 1276 702 1355 valeat,
728 1287 765 1342 ut
783 1276 866 1341 bene
884 1278 990 1341 rivere
1016 1287 1049 1340 et
1072 1278 1155 1340 bene

89 1362 96 1379 ⁸
123 1389 205 1455 mori
222 1388 397 1457 discamus.

167 1504 277 1590 Atque
309 1503 390 1569 haec
421 1504 553 1569 Heusdii
580 1502 694 1569 studiis
724 1518 792 1569 turn
821 1504 979 1571 sentiendi
1006 1506 1155 1592 cogitan-
1227 1565 1233 1574 .

122 1618 225 1705 dique
259 1620 373 1686 rationi
401 1618 524 1684 dudum
561 1620 792 1690 animadversis·
813 1621 859 1685 sic
887 1631 1095 1706 congruunt,
1120 1632 1157 1685 ut

123 1732 277 1797 facillime
302 1733 535 1820 intelligantur.
581 1734 644 1801 Sed
669 1736 707 1797 iis
731 1735 806 1818 ipsis
835 1745 993 1819 quantum
1021 1734 1156 1802 accedat

121 1849 283 1913 interioris
304 1848 534 1935 disquisitionis
556 1848 765 1935 ejusdemque
786 1849 1010 1915 Academicum
1028 1850 1155 1915 institu-

122 1964 245 2027 tionem
261 1963 434 2029 clorissime
453 1962 640 2030 illustrantis
665 1975 697 2029 et
715 1962 802 2030 velut
819 1962 905 2029 edito
924 1962 1064 2049 quodam
1084 1965 1156 2029 loco

122 2078 267 2156 tuentis,
289 2078 385 2144 unico
406 2089 511 2164 potest
527 2078 603 2143 libri
621 2068 758 2145 lectione
775 2065 933 2163 intelligi(
962 2078 1157 2164 Temporurn

121 2193 209 2257 enim
240 2192 321 2258 ratio
353 2205 386 2257 et
413 2194 516 2279 gentis
543 2204 669 2261 nostrae
695 2192 819 2257 indoles
849 2192 1045 2272 attenditur,
1068 2192 1155 2262 unde

121 2306 202 2391 quid
231 2318 263 2372 et
286 2306 382 2371 liceat
402 2328 530 2393 sperare
550 2318 582 2371 et
600 2307 652 2393 agi
682 2318 847 2391 oporteat,
871 2308 976 2393 palam
1000 2301 1076 2371 liat:
1105 2306 1154 2371 di·

120 2441 233 2485 versae
254 2422 463 2485 institutionis
490 2422 611 2506 species
641 2419 822 2506 inferior„
840 2421 970 2499 medio,
995 2424 1155 2505 superior

118 2535 155 2600 in
178 2556 311 2600 censum
332 2537 482 2602 veniunt:
507 2533 705 2619 singularum
725 2545 888 2620 spectatur
908 2534 1042 2620 singulis
1067 2545 1155 2600 aeta-

82 2727 90 2746 ·
117 2649 219 2714 tibus.
240 2670 335 2728 usus,
370 2648 639 2736 quemadmodum
663 2649 721 2714 itta
746 2671 828 2734 puer
853 2648 1019 2712 informari
1039 2648 1155 2714 debeat

119 2773 159 2828 ut
176 2763 293 2843 domo,
318 2762 419 2830 olterd
445 2763 629 2828 adolescens
656 2774 691 2827 ut
702 2762 812 2828 „lsomo
829 2763 963 2842 cultas,
987 2762 1048 2828 hac
1079 2785 1154 2828 vero

115 2877 245 2960 juvenis
274 2889 309 2942 ut
333 2878 420 2942 talis
436 2877 532 2941 domo
551 2877 680 2956 evadat,
705 2879 807 2964 eujus
828 2901 893 2942 ruo
919 2878 1085 2965 quaedam
1104 2881 1155 2948 stt

123 3005 155 3057 et
182 2994 332 3078 proprio
358 2989 493 3080 aito31)
527 3013 591 3078 quo
621 3013 717 3079 porro
739 2992 851 3071 modo,
879 3014 981 3079 quum
1013 2995 1151 3078 primam

123 3107 261 3172 universi
281 3109 408 3172 omnino
428 3107 542 3193 populi
557 3127 759 3170 communem
778 3129 846 3170 esse
865 3119 1029 3191 oporteat,
1049 3109 1153 3174 media

122 3221 342 3306 compluribus
374 3233 516 3300 tantum,
541 3221 651 3303 paneis
673 3219 814 3305 denique
843 3231 875 3282 at
898 3220 1097 3305 principibus
1119 3223 1154 3284 in

122 3337 251 3400 civitate
273 3335 390 3399 futuris
409 3336 502 3398 tertia
522 3333 689 3420 obtingere
715 3334 832 3417 possit:
857 3333 931 3396 inde
955 3355 1078 3397 summo
1103 3335 1155 3398 in-

122 3449 296 3516 stitutionis
310 3448 502 3536 superioris
515 3459 673 3510 momento
688 3447 943 3511 luculentissime
956 3447 1152 3534 prodeunte,

122 3565 265 3649 primum
286 3563 326 3628 de
347 3565 546 3650 Gymnasiis,
571 3574 682 3647 utpote
708 3561 810 3648 gradu
834 3562 903 3646 ejus
929 3563 1051 3647 primo,
1084 3575 1152 3629 tum

123 3677 163 3742 de
191 3677 368 3743 academiis
394 3679 519 3764 agitur,
545 3697 606 3740 non
631 3687 840 3755 statutorum,
865 3688 901 3740 ut
929 3677 1035 3759 ajunt,
1058 3678 1152 3742 indu·
1178 3711 1183 3717 ·

124 3791 320 3871 cendorum,
345 3791 400 3855 sed
429 3791 660 3878 principiorum
680 3787 1013 3854 ¹commendandorum
1036 3814 1151 3870 causa,

123 3907 209 3972 undo
223 3908 341 3992 optima
353 3927 502 3992 quaeque
513 3917 579 3968 tum
593 3905 728 3970 hominis
743 3904 843 3968 indoli
861 3905 1072 3989 congruentia
1084 3917 1152 3970 tuor

84 4119 86 4124 '
130 4123 328 4135 -m—*a-——n-

160 4268 185 4332 1)
205 4272 374 4336 Zolfstoudig
392 4272 503 4337 rnenoclt,
