<?xml version="1.0" encoding="UTF-8"?>
<!DOCTYPE html PUBLIC "-//W3C//DTD XHTML 1.0 Transitional//EN"
    "http://www.w3.org/TR/xhtml1/DTD/xhtml1-transitional.dtd">
<html xmlns="http://www.w3.org/1999/xhtml" xml:lang="en" lang="en">
 <head>
  <title>
</title>
<meta http-equiv="Content-Type" content="text/html;charset=utf-8" />
  <meta name='ocr-system' content='tesseract 3.04.00' />
  <meta name='ocr-capabilities' content='ocr_page ocr_carea ocr_par ocr_line ocrx_word'/>
</head>
<body>
  <div class='ocr_page' id='page_1' title='image "./memoriaheusdii00rovegoog_0235.png"; bbox 0 0 2875 5075; ppageno 0'>
   <div class='ocr_carea' id='block_1_1' title="bbox 779 536 871 600">
    <p class='ocr_par' dir='ltr' id='par_1_1' title="bbox 779 536 871 600">
     <span class='ocr_line' id='line_1_1' title="bbox 779 536 871 600; baseline 0.033 -3"><span class='ocrx_word' id='word_1_1' title='bbox 779 536 844 598; x_wconf 75' lang='lat'><strong>224</strong></span> <span class='ocrx_word' id='word_1_2' title='bbox 868 595 871 600; x_wconf 93' lang='grc'><em>,</em></span> 
     </span>
    </p>
   </div>
   <div class='ocr_carea' id='block_1_2' title="bbox 190 706 1327 795">
    <p class='ocr_par' dir='ltr' id='par_1_2' title="bbox 190 706 1327 795">
     <span class='ocr_line' id='line_1_2' title="bbox 190 706 1327 795; baseline 0.002 -24"><span class='ocrx_word' id='word_1_3' title='bbox 190 748 194 755; x_wconf 91' lang='grc'><strong>-</strong></span> <span class='ocrx_word' id='word_1_4' title='bbox 300 707 417 787; x_wconf 86' lang='lat' dir='ltr'><strong>oredo,</strong></span> <span class='ocrx_word' id='word_1_5' title='bbox 442 706 554 771; x_wconf 87' lang='lat' dir='ltr'><strong>eadem</strong></span> <span class='ocrx_word' id='word_1_6' title='bbox 570 707 611 771; x_wconf 89' lang='lat' dir='ltr'><strong>ab</strong></span> <span class='ocrx_word' id='word_1_7' title='bbox 627 709 722 772; x_wconf 86' lang='lat' dir='ltr'><strong>amici</strong></span> <span class='ocrx_word' id='word_1_8' title='bbox 738 708 941 793; x_wconf 70' lang='lat' dir='ltr'><strong>opinionibus</strong></span> <span class='ocrx_word' id='word_1_9' title='bbox 960 707 1168 795; x_wconf 80' lang='lat' dir='ltr'><strong>sensibusque</strong></span> <span class='ocrx_word' id='word_1_10' title='bbox 1183 731 1327 795; x_wconf 86' lang='lat' dir='ltr'><strong>pronun·</strong></span> 
     </span>
    </p>
   </div>
   <div class='ocr_carea' id='block_1_3' title="bbox 224 820 1400 3874">
    <p class='ocr_par' dir='ltr' id='par_1_3' title="bbox 224 820 1400 3874">
     <span class='ocr_line' id='line_1_3' title="bbox 300 820 1325 908; baseline 0.002 -23"><span class='ocrx_word' id='word_1_11' title='bbox 300 822 409 885; x_wconf 90' lang='lat' dir='ltr'><strong>tiaturi</strong></span> <span class='ocrx_word' id='word_1_12' title='bbox 434 821 578 887; x_wconf 85' lang='lat' dir='ltr'><strong>luissent.</strong></span> <span class='ocrx_word' id='word_1_13' title='bbox 614 822 685 886; x_wconf 90' lang='lat' dir='ltr'><strong>Pari</strong></span> <span class='ocrx_word' id='word_1_14' title='bbox 704 820 875 908; x_wconf 84' lang='lat' dir='ltr'><strong>diligentia</strong></span> <span class='ocrx_word' id='word_1_15' title='bbox 891 821 1051 888; x_wconf 86' lang='lat' dir='ltr'><strong>lloosdins</strong></span> <span class='ocrx_word' id='word_1_16' title='bbox 1071 835 1141 888; x_wconf 88' lang='lat' dir='ltr'><strong>erat</strong></span> <span class='ocrx_word' id='word_1_17' title='bbox 1155 824 1190 887; x_wconf 94' lang='lat' dir='ltr'><strong>in</strong></span> <span class='ocrx_word' id='word_1_18' title='bbox 1207 822 1325 887; x_wconf 88' lang='lat' dir='ltr'><strong>libero·</strong></span> 
     </span>
     <span class='ocr_line' id='line_1_4' title="bbox 304 934 1327 1023; baseline 0 -23"><span class='ocrx_word' id='word_1_19' title='bbox 304 958 376 1001; x_wconf 89' lang='lat' dir='ltr'><strong>rum</strong></span> <span class='ocrx_word' id='word_1_20' title='bbox 398 934 586 999; x_wconf 73' lang='lat' dir='ltr'><strong>educatione</strong></span> <span class='ocrx_word' id='word_1_21' title='bbox 604 956 678 1000; x_wconf 90' lang='lat' dir='ltr'><strong>oum</strong></span> <span class='ocrx_word' id='word_1_22' title='bbox 703 936 815 1000; x_wconf 86' lang='lat' dir='ltr'><strong>studiis</strong></span> <span class='ocrx_word' id='word_1_23' title='bbox 838 937 902 1001; x_wconf 88' lang='lat' dir='ltr'><strong>suis</strong></span> <span class='ocrx_word' id='word_1_24' title='bbox 918 935 1151 1023; x_wconf 84' lang='lat' dir='ltr'><strong>conjungenda.</strong></span> <span class='ocrx_word' id='word_1_25' title='bbox 1186 938 1327 1001; x_wconf 78' lang='lat' dir='ltr'><strong>Tenebat</strong></span> 
     </span>
     <span class='ocr_line' id='line_1_5' title="bbox 302 1049 1324 1130; baseline 0.003 -17"><span class='ocrx_word' id='word_1_26' title='bbox 302 1050 407 1130; x_wconf 89' lang='lat' dir='ltr'><strong>illud,</strong></span> <span class='ocrx_word' id='word_1_27' title='bbox 438 1049 598 1113; x_wconf 89' lang='lat' dir='ltr'><strong>hominem</strong></span> <span class='ocrx_word' id='word_1_28' title='bbox 625 1049 659 1113; x_wconf 92' lang='lat' dir='ltr'><strong>in</strong></span> <span class='ocrx_word' id='word_1_29' title='bbox 688 1050 808 1115; x_wconf 84' lang='lat' dir='ltr'><strong>tenella</strong></span> <span class='ocrx_word' id='word_1_30' title='bbox 835 1062 938 1115; x_wconf 86' lang='lat' dir='ltr'><strong>aetate</strong></span> <span class='ocrx_word' id='word_1_31' title='bbox 965 1050 1064 1115; x_wconf 88' lang='lat' dir='ltr'><strong>latere</strong></span> <span class='ocrx_word' id='word_1_32' title='bbox 1088 1061 1200 1116; x_wconf 84' lang='lat' dir='ltr'><strong>totum.</strong></span> <span class='ocrx_word' id='word_1_33' title='bbox 1242 1052 1324 1116; x_wconf 89' lang='lat' dir='ltr'><strong>llinc</strong></span> 
     </span>
     <span class='ocr_line' id='line_1_6' title="bbox 303 1163 1325 1250; baseline 0.001 -22"><span class='ocrx_word' id='word_1_34' title='bbox 303 1163 464 1250; x_wconf 88' lang='lat' dir='ltr'><strong>quomodo</strong></span> <span class='ocrx_word' id='word_1_35' title='bbox 483 1164 517 1227; x_wconf 75' lang='lat' dir='ltr'><strong>s&#39;e</strong></span> <span class='ocrx_word' id='word_1_36' title='bbox 543 1164 612 1248; x_wconf 86' lang='lat' dir='ltr'><strong>ipse</strong></span> <span class='ocrx_word' id='word_1_37' title='bbox 635 1164 789 1248; x_wconf 87' lang='lat' dir='ltr'><strong>paulatim</strong></span> <span class='ocrx_word' id='word_1_38' title='bbox 813 1175 936 1229; x_wconf 83' lang='lat' dir='ltr'><strong>exserat</strong></span> <span class='ocrx_word' id='word_1_39' title='bbox 961 1174 993 1228; x_wconf 87' lang='lat' dir='ltr'><strong>et</strong></span> <span class='ocrx_word' id='word_1_40' title='bbox 1018 1164 1216 1229; x_wconf 82' lang='lat' dir='ltr'><strong>educationis</strong></span> <span class='ocrx_word' id='word_1_41' title='bbox 1235 1166 1325 1229; x_wconf 84' lang='lat' dir='ltr'><strong>insti·</strong></span> 
     </span>
     <span class='ocr_line' id='line_1_7' title="bbox 224 1259 1325 1364; baseline 0 -21"><span class='ocrx_word' id='word_1_42' title='bbox 224 1266 227 1272; x_wconf 40' lang='lat'><strong>¹</strong></span> <span class='ocrx_word' id='word_1_43' title='bbox 303 1279 500 1363; x_wconf 85' lang='lat' dir='ltr'><strong>tutionisqne</strong></span> <span class='ocrx_word' id='word_1_44' title='bbox 515 1277 686 1363; x_wconf 87' lang='lat' dir='ltr'><strong>prudentia</strong></span> <span class='ocrx_word' id='word_1_45' title='bbox 704 1289 883 1363; x_wconf 89' lang='lat' dir='ltr'><strong>opportune</strong></span> <span class='ocrx_word' id='word_1_46' title='bbox 896 1278 1059 1361; x_wconf 84' lang='lat' dir='ltr'><strong>juvandus</strong></span> <span class='ocrx_word' id='word_1_47' title='bbox 1073 1280 1130 1358; x_wconf 89' lang='lat' dir='ltr'><strong>sit,</strong></span> <span class='ocrx_word' id='word_1_48' title='bbox 1143 1293 1212 1343; x_wconf 83' lang='lat' dir='ltr'><strong>non</strong></span> <span class='ocrx_word' id='word_1_49' title='bbox 1223 1259 1325 1364; x_wconf 79' lang='lat' dir='ltr'><strong>poter</strong></span> 
     </span>
     <span class='ocr_line' id='line_1_8' title="bbox 302 1390 1326 1478; baseline 0 -23"><span class='ocrx_word' id='word_1_50' title='bbox 302 1393 442 1477; x_wconf 86' lang='lat' dir='ltr'><strong>primum</strong></span> <span class='ocrx_word' id='word_1_51' title='bbox 472 1392 685 1478; x_wconf 77' lang='lat' dir='ltr'><strong>indagaverat.</strong></span> <span class='ocrx_word' id='word_1_52' title='bbox 737 1390 887 1456; x_wconf 70' lang='lat' dir='ltr'><strong>Attamen</strong></span> <span class='ocrx_word' id='word_1_53' title='bbox 912 1391 953 1456; x_wconf 95' lang='lat' dir='ltr'><strong>de</strong></span> <span class='ocrx_word' id='word_1_54' title='bbox 985 1392 1125 1477; x_wconf 83' lang='lat' dir='ltr'><strong>pucritia</strong></span> <span class='ocrx_word' id='word_1_55' title='bbox 1152 1403 1186 1455; x_wconf 83' lang='lat' dir='ltr'><strong>et</strong></span> <span class='ocrx_word' id='word_1_56' title='bbox 1216 1392 1326 1456; x_wconf 88' lang='lat' dir='ltr'><strong>adole-</strong></span> 
     </span>
     <span class='ocr_line' id='line_1_9' title="bbox 304 1505 1324 1593; baseline 0 -22"><span class='ocrx_word' id='word_1_57' title='bbox 304 1508 425 1571; x_wconf 88' lang='lat' dir='ltr'><strong>scentia</strong></span> <span class='ocrx_word' id='word_1_58' title='bbox 440 1507 543 1571; x_wconf 90' lang='lat' dir='ltr'><strong>minus</strong></span> <span class='ocrx_word' id='word_1_59' title='bbox 562 1506 611 1570; x_wconf 90' lang='lat' dir='ltr'><strong>illi</strong></span> <span class='ocrx_word' id='word_1_60' title='bbox 632 1505 819 1570; x_wconf 74' lang='lat' dir='ltr'><strong>constiterat</strong></span> <span class='ocrx_word' id='word_1_61' title='bbox 838 1527 935 1592; x_wconf 89' lang='lat' dir='ltr'><strong>quam</strong></span> <span class='ocrx_word' id='word_1_62' title='bbox 956 1506 997 1570; x_wconf 89' lang='lat' dir='ltr'><strong>de</strong></span> <span class='ocrx_word' id='word_1_63' title='bbox 1014 1505 1205 1589; x_wconf 77' lang='lat' dir='ltr'><strong>juventute,</strong></span> <span class='ocrx_word' id='word_1_64' title='bbox 1229 1507 1324 1593; x_wconf 93' lang='lat' dir='ltr'><strong>longo</strong></span> 
     </span>
     <span class='ocr_line' id='line_1_10' title="bbox 304 1602 1325 1707; baseline -0.001 -22"><span class='ocrx_word' id='word_1_65' title='bbox 304 1623 400 1686; x_wconf 86' lang='lat' dir='ltr'><strong>etiam</strong></span> <span class='ocrx_word' id='word_1_66' title='bbox 427 1642 488 1686; x_wconf 89' lang='lat' dir='ltr'><strong>usu</strong></span> <span class='ocrx_word' id='word_1_67' title='bbox 516 1621 656 1707; x_wconf 89' lang='lat' dir='ltr'><strong>cognita.</strong></span> <span class='ocrx_word' id='word_1_68' title='bbox 694 1621 763 1684; x_wconf 91' lang='lat' dir='ltr'><strong>lloc</strong></span> <span class='ocrx_word' id='word_1_69' title='bbox 787 1620 888 1705; x_wconf 89' lang='lat' dir='ltr'><strong>igitur</strong></span> <span class='ocrx_word' id='word_1_70' title='bbox 917 1602 978 1684; x_wconf 78' lang='lat' dir='ltr'><strong>usu</strong></span> <span class='ocrx_word' id='word_1_71' title='bbox 1004 1621 1269 1706; x_wconf 86' lang='lat' dir='ltr'><strong>quamprimum</strong></span> <span class='ocrx_word' id='word_1_72' title='bbox 1293 1622 1325 1683; x_wconf 90' lang='lat' dir='ltr'><strong>in</strong></span> 
     </span>
     <span class='ocr_line' id='line_1_11' title="bbox 304 1733 1325 1822; baseline -0.001 -23"><span class='ocrx_word' id='word_1_73' title='bbox 304 1736 419 1801; x_wconf 87' lang='lat' dir='ltr'><strong>ceteris</strong></span> <span class='ocrx_word' id='word_1_74' title='bbox 459 1756 589 1822; x_wconf 88' lang='lat' dir='ltr'><strong>quoque</strong></span> <span class='ocrx_word' id='word_1_75' title='bbox 629 1734 787 1798; x_wconf 75' lang='lat' dir='ltr'><strong>aetatibus</strong></span> <span class='ocrx_word' id='word_1_76' title='bbox 823 1733 907 1799; x_wconf 89' lang='lat' dir='ltr'><strong>duce</strong></span> <span class='ocrx_word' id='word_1_77' title='bbox 941 1734 991 1799; x_wconf 86' lang='lat' dir='ltr'><strong>nti</strong></span> <span class='ocrx_word' id='word_1_78' title='bbox 1031 1734 1167 1814; x_wconf 79' lang='lat' dir='ltr'><strong>licebat,</strong></span> <span class='ocrx_word' id='word_1_79' title='bbox 1209 1734 1325 1798; x_wconf 88' lang='lat' dir='ltr'><strong>liberos</strong></span> 
     </span>
     <span class='ocr_line' id='line_1_12' title="bbox 303 1833 1325 1934; baseline -0.001 -22"><span class='ocrx_word' id='word_1_80' title='bbox 303 1870 377 1914; x_wconf 87' lang='lat' dir='ltr'><strong>suos</strong></span> <span class='ocrx_word' id='word_1_81' title='bbox 393 1847 515 1913; x_wconf 90' lang='lat' dir='ltr'><strong>-sedulo</strong></span> <span class='ocrx_word' id='word_1_82' title='bbox 545 1833 709 1912; x_wconf 83' lang='lat' dir='ltr'><strong>attendere</strong></span> <span class='ocrx_word' id='word_1_83' title='bbox 738 1848 855 1931; x_wconf 86' lang='lat' dir='ltr'><strong>coepit.</strong></span> <span class='ocrx_word' id='word_1_84' title='bbox 890 1848 972 1911; x_wconf 82' lang='lat' dir='ltr'><strong>Exin</strong></span> <span class='ocrx_word' id='word_1_85' title='bbox 995 1849 1123 1933; x_wconf 88' lang='lat' dir='ltr'><strong>plenius</strong></span> <span class='ocrx_word' id='word_1_86' title='bbox 1144 1848 1325 1934; x_wconf 87' lang='lat' dir='ltr'><strong>intelligere</strong></span> 
     </span>
     <span class='ocr_line' id='line_1_13' title="bbox 303 1961 1323 2047; baseline -0.001 -20"><span class='ocrx_word' id='word_1_87' title='bbox 303 1963 488 2029; x_wconf 89' lang='lat' dir='ltr'><strong>earumdem</strong></span> <span class='ocrx_word' id='word_1_88' title='bbox 514 1972 654 2027; x_wconf 87' lang='lat' dir='ltr'><strong>aetatum</strong></span> <span class='ocrx_word' id='word_1_89' title='bbox 681 1972 848 2039; x_wconf 87' lang='lat' dir='ltr'><strong>naturam,</strong></span> <span class='ocrx_word' id='word_1_90' title='bbox 881 1963 964 2040; x_wconf 86' lang='lat' dir='ltr'><strong>vim,</strong></span> <span class='ocrx_word' id='word_1_91' title='bbox 996 1961 1119 2041; x_wconf 86' lang='lat' dir='ltr'><strong>studia,</strong></span> <span class='ocrx_word' id='word_1_92' title='bbox 1148 1962 1323 2047; x_wconf 83' lang='lat' dir='ltr'><strong>appetitus,</strong></span> 
     </span>
     <span class='ocr_line' id='line_1_14' title="bbox 301 2074 1325 2162; baseline -0.003 -20"><span class='ocrx_word' id='word_1_93' title='bbox 301 2077 493 2155; x_wconf 81' lang='lat' dir='ltr'><strong>discrimen,</strong></span> <span class='ocrx_word' id='word_1_94' title='bbox 513 2076 634 2160; x_wconf 87' lang='lat' dir='ltr'><strong>justam</strong></span> <span class='ocrx_word' id='word_1_95' title='bbox 650 2074 791 2162; x_wconf 84' lang='lat' dir='ltr'><strong>denique</strong></span> <span class='ocrx_word' id='word_1_96' title='bbox 810 2075 1010 2161; x_wconf 79' lang='lat' dir='ltr'><strong>singulisque</strong></span> <span class='ocrx_word' id='word_1_97' title='bbox 1031 2088 1264 2161; x_wconf 77' lang='lat' dir='ltr'><strong>congruentem</strong></span> <span class='ocrx_word' id='word_1_98' title='bbox 1279 2078 1325 2139; x_wconf 92' lang='lat' dir='ltr'><strong>in-</strong></span> 
     </span>
     <span class='ocr_line' id='line_1_15' title="bbox 302 2189 1324 2279; baseline 0 -25"><span class='ocrx_word' id='word_1_99' title='bbox 302 2191 477 2279; x_wconf 85' lang='lat' dir='ltr'><strong>stitutionis</strong></span> <span class='ocrx_word' id='word_1_100' title='bbox 495 2191 595 2269; x_wconf 70' lang='lat' dir='ltr'><strong>mam,</strong></span> <span class='ocrx_word' id='word_1_101' title='bbox 618 2201 650 2252; x_wconf 88' lang='lat' dir='ltr'><strong>et</strong></span> <span class='ocrx_word' id='word_1_102' title='bbox 662 2190 708 2253; x_wconf 88' lang='lat' dir='ltr'><strong>sic</strong></span> <span class='ocrx_word' id='word_1_103' title='bbox 730 2210 915 2275; x_wconf 86' lang='lat' dir='ltr'><strong>progressus</strong></span> <span class='ocrx_word' id='word_1_104' title='bbox 934 2191 968 2251; x_wconf 93' lang='lat' dir='ltr'><strong>in</strong></span> <span class='ocrx_word' id='word_1_105' title='bbox 986 2190 1170 2275; x_wconf 89' lang='lat' dir='ltr'><strong>cognitione</strong></span> <span class='ocrx_word' id='word_1_106' title='bbox 1189 2189 1324 2254; x_wconf 88' lang='lat' dir='ltr'><strong>hominis</strong></span> 
     </span>
     <span class='ocr_line' id='line_1_16' title="bbox 303 2302 1325 2388; baseline -0.003 -20"><span class='ocrx_word' id='word_1_107' title='bbox 303 2326 355 2368; x_wconf 91' lang='lat' dir='ltr'><strong>eos</strong></span> <span class='ocrx_word' id='word_1_108' title='bbox 382 2303 508 2381; x_wconf 81' lang='lat' dir='ltr'><strong>facere,</strong></span> <span class='ocrx_word' id='word_1_109' title='bbox 533 2324 672 2388; x_wconf 87' lang='lat' dir='ltr'><strong>qnorum</strong></span> <span class='ocrx_word' id='word_1_110' title='bbox 700 2313 862 2367; x_wconf 87' lang='lat' dir='ltr'><strong>momento</strong></span> <span class='ocrx_word' id='word_1_111' title='bbox 889 2324 950 2366; x_wconf 87' lang='lat' dir='ltr'><strong>nec</strong></span> <span class='ocrx_word' id='word_1_112' title='bbox 977 2302 1094 2367; x_wconf 87' lang='lat' dir='ltr'><strong>liberos</strong></span> <span class='ocrx_word' id='word_1_113' title='bbox 1121 2325 1194 2367; x_wconf 85' lang='lat' dir='ltr'><strong>suos</strong></span> <span class='ocrx_word' id='word_1_114' title='bbox 1217 2324 1325 2368; x_wconf 83' lang='lat' dir='ltr'><strong>carere</strong></span> 
     </span>
     <span class='ocr_line' id='line_1_17' title="bbox 302 2414 1325 2507; baseline -0.001 -26"><span class='ocrx_word' id='word_1_115' title='bbox 302 2418 405 2483; x_wconf 79' lang='lat' dir='ltr'><strong>soluit</strong></span> <span class='ocrx_word' id='word_1_116' title='bbox 429 2430 475 2496; x_wconf 92' lang='lat' dir='ltr'><strong>et,</strong></span> <span class='ocrx_word' id='word_1_117' title='bbox 500 2417 626 2502; x_wconf 88' lang='lat' dir='ltr'><strong>scriptis</strong></span> <span class='ocrx_word' id='word_1_118' title='bbox 645 2421 831 2501; x_wconf 83' lang='lat' dir='ltr'><strong>praesertim</strong></span> <span class='ocrx_word' id='word_1_119' title='bbox 852 2414 893 2479; x_wconf 89' lang='lat' dir='ltr'><strong>de</strong></span> <span class='ocrx_word' id='word_1_120' title='bbox 914 2415 1107 2482; x_wconf 79' lang='lat' dir='ltr'><strong>Academica</strong></span> <span class='ocrx_word' id='word_1_121' title='bbox 1125 2418 1325 2507; x_wconf 85' lang='lat' dir='ltr'><strong>institutione</strong></span> 
     </span>
     <span class='ocr_line' id='line_1_18' title="bbox 302 2530 1324 2620; baseline -0.002 -21"><span class='ocrx_word' id='word_1_122' title='bbox 302 2532 475 2620; x_wconf 79' lang='lat' dir='ltr'><strong>llpistolis,</strong></span> <span class='ocrx_word' id='word_1_123' title='bbox 500 2532 615 2598; x_wconf 86' lang='lat' dir='ltr'><strong>multos</strong></span> <span class='ocrx_word' id='word_1_124' title='bbox 649 2531 709 2596; x_wconf 86' lang='lat' dir='ltr'><strong>sibi</strong></span> <span class='ocrx_word' id='word_1_125' title='bbox 740 2530 881 2596; x_wconf 76' lang='lat' dir='ltr'><strong>devinxit</strong></span> <span class='ocrx_word' id='word_1_126' title='bbox 915 2544 1073 2616; x_wconf 87' lang='lat' dir='ltr'><strong>parentes.</strong></span> <span class='ocrx_word' id='word_1_127' title='bbox 1086 2530 1113 2619; x_wconf 79' lang='lat'><strong>¹)</strong></span> <span class='ocrx_word' id='word_1_128' title='bbox 1164 2531 1229 2597; x_wconf 83' lang='lat' dir='ltr'><strong>Sed</strong></span> <span class='ocrx_word' id='word_1_129' title='bbox 1262 2555 1324 2598; x_wconf 90' lang='lat' dir='ltr'><strong>mc·</strong></span> 
     </span>
     <span class='ocr_line' id='line_1_19' title="bbox 301 2645 1324 2728; baseline -0.001 -16"><span class='ocrx_word' id='word_1_130' title='bbox 301 2651 468 2728; x_wconf 87' lang='lat' dir='ltr'><strong>minimus,</strong></span> <span class='ocrx_word' id='word_1_131' title='bbox 499 2646 540 2711; x_wconf 91' lang='lat' dir='ltr'><strong>de</strong></span> <span class='ocrx_word' id='word_1_132' title='bbox 565 2646 697 2712; x_wconf 88' lang='lat' dir='ltr'><strong>Heusdii</strong></span> <span class='ocrx_word' id='word_1_133' title='bbox 721 2649 877 2711; x_wconf 88' lang='lat' dir='ltr'><strong>sententia</strong></span> <span class='ocrx_word' id='word_1_134' title='bbox 902 2645 1017 2711; x_wconf 88' lang='lat' dir='ltr'><strong>harum</strong></span> <span class='ocrx_word' id='word_1_135' title='bbox 1036 2659 1176 2712; x_wconf 88' lang='lat' dir='ltr'><strong>aetatum</strong></span> <span class='ocrx_word' id='word_1_136' title='bbox 1198 2669 1324 2712; x_wconf 88' lang='lat' dir='ltr'><strong>succes·</strong></span> 
     </span>
     <span class='ocr_line' id='line_1_20' title="bbox 300 2761 1323 2848; baseline 0 -22"><span class='ocrx_word' id='word_1_137' title='bbox 300 2764 421 2826; x_wconf 84' lang='lat' dir='ltr'><strong>sionem</strong></span> <span class='ocrx_word' id='word_1_138' title='bbox 449 2783 552 2847; x_wconf 82' lang='lat' dir='ltr'><strong>aeque</strong></span> <span class='ocrx_word' id='word_1_139' title='bbox 578 2763 611 2824; x_wconf 91' lang='lat' dir='ltr'><strong>in</strong></span> <span class='ocrx_word' id='word_1_140' title='bbox 644 2762 769 2847; x_wconf 87' lang='lat' dir='ltr'><strong>generis</strong></span> <span class='ocrx_word' id='word_1_141' title='bbox 800 2761 932 2825; x_wconf 88' lang='lat' dir='ltr'><strong>humani</strong></span> <span class='ocrx_word' id='word_1_142' title='bbox 958 2772 1056 2847; x_wconf 88' lang='lat' dir='ltr'><strong>atque</strong></span> <span class='ocrx_word' id='word_1_143' title='bbox 1084 2764 1119 2824; x_wconf 90' lang='lat' dir='ltr'><strong>in</strong></span> <span class='ocrx_word' id='word_1_144' title='bbox 1155 2762 1323 2848; x_wconf 89' lang='lat' dir='ltr'><strong>singularis</strong></span> 
     </span>
     <span class='ocr_line' id='line_1_21' title="bbox 300 2875 1323 2955; baseline -0.002 -15"><span class='ocrx_word' id='word_1_145' title='bbox 300 2875 436 2940; x_wconf 85' lang='lat' dir='ltr'><strong>bominis</strong></span> <span class='ocrx_word' id='word_1_146' title='bbox 450 2876 514 2940; x_wconf 81' lang='lat' dir='ltr'><strong>rita</strong></span> <span class='ocrx_word' id='word_1_147' title='bbox 533 2875 632 2939; x_wconf 87' lang='lat' dir='ltr'><strong>cerni.</strong></span> <span class='ocrx_word' id='word_1_148' title='bbox 665 2875 852 2939; x_wconf 88' lang='lat' dir='ltr'><strong>llocautem</strong></span> <span class='ocrx_word' id='word_1_149' title='bbox 873 2895 988 2939; x_wconf 81' lang='lat' dir='ltr'><strong>serene</strong></span> <span class='ocrx_word' id='word_1_150' title='bbox 1005 2886 1175 2955; x_wconf 78' lang='lat' dir='ltr'><strong>statueret,</strong></span> <span class='ocrx_word' id='word_1_151' title='bbox 1194 2888 1233 2940; x_wconf 90' lang='lat' dir='ltr'><strong>ut</strong></span> <span class='ocrx_word' id='word_1_152' title='bbox 1242 2877 1323 2940; x_wconf 89' lang='lat' dir='ltr'><strong>mul·</strong></span> 
     </span>
     <span class='ocr_line' id='line_1_22' title="bbox 297 2986 1322 3074; baseline 0.005 -27"><span class='ocrx_word' id='word_1_153' title='bbox 297 2990 405 3074; x_wconf 81' lang='lat' dir='ltr'><strong>tiplici</strong></span> <span class='ocrx_word' id='word_1_154' title='bbox 435 2990 483 3052; x_wconf 80' lang='lat' dir='ltr'><strong>ria</strong></span> <span class='ocrx_word' id='word_1_155' title='bbox 511 3007 699 3073; x_wconf 89' lang='lat' dir='ltr'><strong>summoque</strong></span> <span class='ocrx_word' id='word_1_156' title='bbox 728 2986 834 3053; x_wconf 88' lang='lat' dir='ltr'><strong>studio</strong></span> <span class='ocrx_word' id='word_1_157' title='bbox 863 2989 1063 3073; x_wconf 82' lang='lat' dir='ltr'><strong>explorabat,</strong></span> <span class='ocrx_word' id='word_1_158' title='bbox 1096 2989 1141 3054; x_wconf 90' lang='lat' dir='ltr'><strong>ita</strong></span> <span class='ocrx_word' id='word_1_159' title='bbox 1171 2989 1322 3054; x_wconf 85' lang='lat' dir='ltr'><strong>adbibitis</strong></span> 
     </span>
     <span class='ocr_line' id='line_1_23' title="bbox 298 3100 1322 3192; baseline -0.002 -24"><span class='ocrx_word' id='word_1_160' title='bbox 298 3125 431 3192; x_wconf 86' lang='lat' dir='ltr'><strong>quoque</strong></span> <span class='ocrx_word' id='word_1_161' title='bbox 452 3103 560 3166; x_wconf 86' lang='lat' dir='ltr'><strong>liberis</strong></span> <span class='ocrx_word' id='word_1_162' title='bbox 590 3102 785 3188; x_wconf 85' lang='lat' dir='ltr'><strong>inquirebat.</strong></span> <span class='ocrx_word' id='word_1_163' title='bbox 798 3100 826 3185; x_wconf 84' lang='lat'><strong>²)</strong></span> <span class='ocrx_word' id='word_1_164' title='bbox 879 3104 958 3167; x_wconf 90' lang='lat' dir='ltr'><strong>Nam</strong></span> <span class='ocrx_word' id='word_1_165' title='bbox 989 3103 1152 3168; x_wconf 88' lang='lat' dir='ltr'><strong>delectare</strong></span> <span class='ocrx_word' id='word_1_166' title='bbox 1176 3105 1261 3188; x_wconf 86' lang='lat' dir='ltr'><strong>ipsos</strong></span> <span class='ocrx_word' id='word_1_167' title='bbox 1289 3105 1322 3166; x_wconf 91' lang='lat' dir='ltr'><strong>in</strong></span> 
     </span>
     <span class='ocr_line' id='line_1_24' title="bbox 298 3208 1320 3305; baseline -0.003 -21"><span class='ocrx_word' id='word_1_168' title='bbox 298 3217 523 3304; x_wconf 87' lang='lat' dir='ltr'><strong>pomeridianis</strong></span> <span class='ocrx_word' id='word_1_169' title='bbox 553 3219 688 3281; x_wconf 86' lang='lat' dir='ltr'><strong>maxime</strong></span> <span class='ocrx_word' id='word_1_170' title='bbox 718 3217 1004 3297; x_wconf 89' lang='lat' dir='ltr'><strong>ambulationibus,</strong></span> <span class='ocrx_word' id='word_1_171' title='bbox 1045 3208 1182 3303; x_wconf 88' lang='lat' dir='ltr'><strong>quarum</strong></span> <span class='ocrx_word' id='word_1_172' title='bbox 1211 3230 1320 3305; x_wconf 86' lang='lat' dir='ltr'><strong>vegeta</strong></span> 
     </span>
     <span class='ocr_line' id='line_1_25' title="bbox 298 3331 1322 3417; baseline -0.003 -20"><span class='ocrx_word' id='word_1_173' title='bbox 298 3344 401 3402; x_wconf 79' lang='lat' dir='ltr'><strong>aetate</strong></span> <span class='ocrx_word' id='word_1_174' title='bbox 424 3331 504 3396; x_wconf 88' lang='lat' dir='ltr'><strong>adeo</strong></span> <span class='ocrx_word' id='word_1_175' title='bbox 525 3352 631 3396; x_wconf 88' lang='lat' dir='ltr'><strong>amans</strong></span> <span class='ocrx_word' id='word_1_176' title='bbox 660 3331 742 3409; x_wconf 83' lang='lat' dir='ltr'><strong>tuit,</strong></span> <span class='ocrx_word' id='word_1_177' title='bbox 767 3341 822 3411; x_wconf 90' lang='lat' dir='ltr'><strong>ut,</strong></span> <span class='ocrx_word' id='word_1_178' title='bbox 846 3331 907 3394; x_wconf 92' lang='lat' dir='ltr'><strong>nisi</strong></span> <span class='ocrx_word' id='word_1_179' title='bbox 929 3352 1029 3396; x_wconf 88' lang='lat' dir='ltr'><strong>curru</strong></span> <span class='ocrx_word' id='word_1_180' title='bbox 1051 3353 1109 3417; x_wconf 89' lang='lat' dir='ltr'><strong>per</strong></span> <span class='ocrx_word' id='word_1_181' title='bbox 1136 3354 1232 3417; x_wconf 88' lang='lat' dir='ltr'><strong>agros</strong></span> <span class='ocrx_word' id='word_1_182' title='bbox 1252 3331 1322 3395; x_wconf 78' lang='lat' dir='ltr'><strong>vehi</strong></span> 
     </span>
     <span class='ocr_line' id='line_1_26' title="bbox 298 3439 1322 3527; baseline 0.001 -19"><span class='ocrx_word' id='word_1_183' title='bbox 298 3447 428 3524; x_wconf 88' lang='lat' dir='ltr'><strong>liceret,</strong></span> <span class='ocrx_word' id='word_1_184' title='bbox 461 3443 541 3508; x_wconf 90' lang='lat' dir='ltr'><strong>nihil</strong></span> <span class='ocrx_word' id='word_1_185' title='bbox 576 3445 605 3506; x_wconf 89' lang='lat' dir='ltr'><strong>ei</strong></span> <span class='ocrx_word' id='word_1_186' title='bbox 639 3443 699 3507; x_wconf 89' lang='lat' dir='ltr'><strong>hac</strong></span> <span class='ocrx_word' id='word_1_187' title='bbox 732 3443 810 3508; x_wconf 86' lang='lat' dir='ltr'><strong>hora</strong></span> <span class='ocrx_word' id='word_1_188' title='bbox 836 3439 1013 3527; x_wconf 85' lang='lat' dir='ltr'><strong>jucundius</strong></span> <span class='ocrx_word' id='word_1_189' title='bbox 1041 3445 1218 3524; x_wconf 82' lang='lat' dir='ltr'><strong>accideret,</strong></span> <span class='ocrx_word' id='word_1_190' title='bbox 1255 3457 1322 3510; x_wconf 86' lang='lat' dir='ltr'><strong>tum</strong></span> 
     </span>
     <span class='ocr_line' id='line_1_27' title="bbox 296 3556 1400 3646; baseline 0.001 -24"><span class='ocrx_word' id='word_1_191' title='bbox 296 3561 400 3646; x_wconf 88' lang='lat' dir='ltr'><strong>igitur</strong></span> <span class='ocrx_word' id='word_1_192' title='bbox 429 3557 547 3621; x_wconf 90' lang='lat' dir='ltr'><strong>liberos</strong></span> <span class='ocrx_word' id='word_1_193' title='bbox 576 3556 738 3622; x_wconf 85' lang='lat' dir='ltr'><strong>delectare</strong></span> <span class='ocrx_word' id='word_1_194' title='bbox 761 3560 978 3624; x_wconf 87' lang='lat' dir='ltr'><strong>narrationum</strong></span> <span class='ocrx_word' id='word_1_195' title='bbox 1006 3560 1161 3624; x_wconf 75' lang='lat' dir='ltr'><strong>suadtate</strong></span> <span class='ocrx_word' id='word_1_196' title='bbox 1188 3560 1320 3624; x_wconf 82' lang='lat' dir='ltr'><strong>solebat.</strong></span> <span class='ocrx_word' id='word_1_197' title='bbox 1393 3630 1400 3641; x_wconf 59' lang='lat'><em>‚</em></span> 
     </span>
     <span class='ocr_line' id='line_1_28' title="bbox 296 3671 1321 3759; baseline -0.001 -22"><span class='ocrx_word' id='word_1_198' title='bbox 296 3673 493 3759; x_wconf 79' lang='lat' dir='ltr'><strong>Argumenta</strong></span> <span class='ocrx_word' id='word_1_199' title='bbox 522 3693 539 3734; x_wconf 89' lang='lat' dir='ltr'><strong>e</strong></span> <span class='ocrx_word' id='word_1_200' title='bbox 566 3671 763 3759; x_wconf 79' lang='lat' dir='ltr'><strong>mythologie</strong></span> <span class='ocrx_word' id='word_1_201' title='bbox 796 3675 947 3759; x_wconf 87' lang='lat' dir='ltr'><strong>omnique</strong></span> <span class='ocrx_word' id='word_1_202' title='bbox 971 3673 1102 3738; x_wconf 88' lang='lat' dir='ltr'><strong>historia</strong></span> <span class='ocrx_word' id='word_1_203' title='bbox 1131 3674 1321 3758; x_wconf 87' lang='lat' dir='ltr'><strong>petebantur</strong></span> 
     </span>
     <span class='ocr_line' id='line_1_29' title="bbox 297 3787 1321 3874; baseline -0.002 -22"><span class='ocrx_word' id='word_1_204' title='bbox 297 3809 355 3868; x_wconf 87' lang='lat' dir='ltr'><strong>ea,</strong></span> <span class='ocrx_word' id='word_1_205' title='bbox 379 3807 462 3873; x_wconf 85' lang='lat' dir='ltr'><strong>quae</strong></span> <span class='ocrx_word' id='word_1_206' title='bbox 485 3787 610 3874; x_wconf 74' lang='lat' dir='ltr'><strong>generis</strong></span> <span class='ocrx_word' id='word_1_207' title='bbox 634 3789 733 3851; x_wconf 89' lang='lat' dir='ltr'><strong>nostri</strong></span> <span class='ocrx_word' id='word_1_208' title='bbox 759 3788 977 3853; x_wconf 89' lang='lat' dir='ltr'><strong>conditionem</strong></span> <span class='ocrx_word' id='word_1_209' title='bbox 998 3789 1176 3873; x_wconf 88' lang='lat' dir='ltr'><strong>plurimum</strong></span> <span class='ocrx_word' id='word_1_210' title='bbox 1200 3789 1321 3852; x_wconf 81' lang='lat' dir='ltr'><strong>referre</strong></span> 
     </span>
    </p>
   </div>
   <div class='ocr_carea' id='block_1_4' title="bbox 300 4027 491 4037">
    <p class='ocr_par' dir='ltr' id='par_1_4' title="bbox 300 4027 491 4037">
     <span class='ocr_line' id='line_1_30' title="bbox 300 4027 491 4037; baseline 0 -1"><span class='ocrx_word' id='word_1_211' title='bbox 300 4027 491 4037; x_wconf 61' lang='lat' dir='ltr'><strong>——u--u-</strong></span> 
     </span>
    </p>
   </div>
   <div class='ocr_carea' id='block_1_5' title="bbox 332 4177 763 4336">
    <p class='ocr_par' dir='ltr' id='par_1_5' title="bbox 332 4177 763 4336">
     <span class='ocr_line' id='line_1_31' title="bbox 332 4177 762 4245; baseline 0.007 -19"><span class='ocrx_word' id='word_1_212' title='bbox 332 4177 358 4242; x_wconf 80' lang='lat'><strong>1)</strong></span> <span class='ocrx_word' id='word_1_213' title='bbox 376 4179 422 4228; x_wconf 76' lang='lat' dir='ltr'><strong>Gll&#39;.</strong></span> <span class='ocrx_word' id='word_1_214' title='bbox 442 4177 485 4229; x_wconf 83' lang='lat' dir='ltr'><strong>eac</strong></span> <span class='ocrx_word' id='word_1_215' title='bbox 502 4179 562 4229; x_wconf 83' lang='lat' dir='ltr'><strong>inde</strong></span> <span class='ocrx_word' id='word_1_216' title='bbox 577 4180 609 4230; x_wconf 84' lang='lat' dir='ltr'><strong>ab</strong></span> <span class='ocrx_word' id='word_1_217' title='bbox 626 4181 712 4245; x_wconf 71' lang='lat' dir='ltr'><strong>Epist.</strong></span> <span class='ocrx_word' id='word_1_218' title='bbox 733 4183 762 4229; x_wconf 88' lang='lat' dir='ltr'><strong>V.</strong></span> 
     </span>
     <span class='ocr_line' id='line_1_32' title="bbox 332 4262 763 4336; baseline 0.007 -24"><span class='ocrx_word' id='word_1_219' title='bbox 332 4262 359 4329; x_wconf 79' lang='lat'><strong>2)</strong></span> <span class='ocrx_word' id='word_1_220' title='bbox 376 4265 468 4316; x_wconf 77' lang='lat' dir='ltr'><strong>Solsool</strong></span> <span class='ocrx_word' id='word_1_221' title='bbox 485 4265 639 4336; x_wconf 21' lang='lat' dir='ltr'><strong>vonnl’olyb.</strong></span> <span class='ocrx_word' id='word_1_222' title='bbox 659 4282 683 4330; x_wconf 91' lang='lat' dir='ltr'><strong>p.</strong></span> <span class='ocrx_word' id='word_1_223' title='bbox 704 4264 763 4315; x_wconf 79' lang='grc'>119.</span> 
     </span>
    </p>
   </div>
   <div class='ocr_carea' id='block_1_6' title="bbox 0 0 1442 5075">
    <p class='ocr_par' dir='ltr' id='par_1_6' title="bbox 0 0 1442 5075">
     <span class='ocr_line' id='line_1_33' title="bbox 0 0 1442 5075; baseline 0 1"><span class='ocrx_word' id='word_1_224' title='bbox 0 0 1442 5075; x_wconf 95' lang='lat' dir='ltr'><strong> </strong></span> 
     </span>
    </p>
   </div>
  </div>
 </body>
</html>
