2875 5075
779 536 841 606 nt

295 717 367 781 dem
401 714 610 803 Speoims'nis
637 713 795 779 adeamus
821 710 1065 780 Praefationem.
1089 714 1205 797 Quoad
1237 712 1327 778 enim
1428 751 1429 754 =

295 832 364 895 lieri
393 831 510 916 possit,
544 828 669 894 nullum
700 826 758 894 hio
791 828 984 895 dubitationi
1011 827 1122 893 locum
1156 847 1329 915 superesse

294 954 431 1031 oportet.
478 934 587 1027 Qum
613 944 715 1031 igitur
743 943 786 1008 do
808 944 1016 1031 grammatica
1035 944 1175 1009 Platonis
1194 943 1328 1030 legendi

296 1061 419 1125 ratione
446 1058 553 1145 dequo
584 1059 776 1123 necessitato
806 1058 840 1122 ln
868 1059 969 1144 ipsius
993 1059 1156 1143 seripturis
1189 1057 1334 1145 ejusque·

294 1172 479 1262 aequalium
503 1173 688 1236 interiorem
711 1170 852 1236 indolem
869 1183 901 1237 ot
919 1172 1012 1259 quasi
1030 1182 1177 1237 naturam
1196 1172 1328 1257 penitus

295 1306 329 1352 se
353 1286 536 1352 insinuandi
556 1286 717 1351 verissimo
739 1277 927 1372 praeceplt;
950 1304 989 1351 ao
1008 1287 1134 1351 monuit
1148 1287 1269 1366 etiam,
1294 1286 1328 1349 in

295 1402 414 1488 quibus
441 1401 571 1465 nimiam
597 1399 760 1465 interdum
787 1401 931 1466 Graecas
958 1403 1062 1488 gentis
1082 1400 1328 1465 admirationem

295 1535 466 1605 agnoscam
491 1516 618 1581 fructus
641 1513 734 1579 affort
750 1512 914 1579 interioris
941 1513 1128 1598 hujusmodl
1152 1514 1253 1579 studii
1276 1514 1327 1579 di⁴

295 1647 418 1711 russos,
432 1647 572 1718 qnorum
581 1642 702 1709 unum,
715 1628 780 1694 huc
797 1629 847 1695 sel
858 1625 995 1694 maxims
1004 1629 1195 1710 iaoiootem,
1207 1649 1271 1715 ago
1281 1639 1329 1694 at-

290 1724 474 1811 ¹tendamus.
498 1743 685 1830 Suspicatus
697 1743 869 1822 nimirum,
881 1741 947 1808 sad
958 1742 1187 1808 nonnullarum
1202 1742 1327 1809 doctri*

295 1875 410 1925 narum
438 1856 489 1922 vel
511 1857 720 1922 fundamenta
745 1856 897 1940 janienda
924 1856 1065 1922 firmiora
1086 1858 1138 1922 rol
1170 1858 1328 1923 rationem

295 1971 522 2038 instituendum
543 1972 776 2037 anouratiorem
795 1972 845 2035 rol
865 1972 929 2035 rim
940 1972 1198 2058 porsploiendam
1214 1970 1327 2037 interi·

295 2110 353 2169 us,
388 2108 426 2152 es
464 2088 671 2174 antiquorum
708 2086 893 2151 etiamnunc
923 2086 1049 2173 placitis
1079 2088 1194 2174 prolicl
1212 2106 1325 2173 posso;

296 2204 376 2289 quin
392 2204 505 2282 etiarn,
521 2200 633 2267 dadoni
651 2200 708 2265 illa
725 2198 845 2287 plaolta
864 2201 930 2266 tius
946 2200 1327 2290 ioriussninqttirentibus

296 2326 328 2381 et
354 2323 570 2381 monstratum
602 2326 635 2380 at
664 2317 882 2401 pnteiaoturm
910 2330 1012 2403 quas,
1044 2314 1153 2383 adhue
1178 2318 1327 2403 ignotam

297 2448 335 2497 es
351 2432 412 2496 lrao
429 2428 598 2497 dubitandi
618 2431 709 2517 quasi
726 2415 988 2509 dautuanoneud
1001 2432 1122 2496 cestius
1143 2422 1276 2518 aliquod
1284 2430 1328 2496 da
1404 2483 1407 2488 .

296 2549 394 2613 rebus
404 2547 596 2634 gladiumin
609 2545 772 2629 judicium
791 2546 982 2631 perdonent.
1008 2547 1103 2630 Quod
1119 2576 1160 2597 ⁴-
1171 2547 1327 2634 pergit-⁸

299 2663 450 2747 suspicati
470 2663 496 2724 si
523 2661 687 2726 Platonem
709 2662 891 2740 intuemur,
909 2662 943 2724 ln
958 2663 1052 2726 tantis
1068 2662 1162 2725 illum
1177 2652 1256 2726 viris
1272 2676 1330 2724 sua

298 2777 454 2861 insignem
471 2776 719 2860 ducentemque
738 2775 870 2854 virtuto,
896 2785 1018 2862 quanto
1037 2776 1118 2840 haee
1128 2777 1235 2840 omnia
1248 2775 1329 2839 ulra·

300 2887 385 2954 riusa
414 2890 509 2952 stiam
528 2899 626 2973 atque
645 2885 822 2952 illustriora
840 2907 879 2953 eu
895 2904 935 2952 eo
959 2890 1170 2977 percipienda
1191 2891 1329 2956 mnino

299 3003 389 3068 muti
411 3038 450 3052 -—·
471 3001 782 3082 llludmonendum‚
802 3002 889 3069 hano
906 3013 1133 3086 tantam'rem,
1157 3007 1184 3068 sl
1206 3027 1225 3070 a
1247 3020 1330 3091 quo*

300 3117 385 3202 piam
412 3117 561 3196 homine,
594 3117 637 3182 sl>
664 3137 702 3182 oo
727 3134 819 3202 posse
847 3139 911 3184 uno
930 3118 1063 3205 perfici,
1089 3121 1168 3206 qui,
1195 3136 1274 3183 usus
1293 3131 1330 3184 et

299 3250 398 3319 quam
435 3231 693 3298 commendamus
722 3231 851 3318 legendi
889 3235 1031 3313 ratione,
1062 3233 1098 3298 in
1129 3220 1271 3297 Platonis
1298 3241 1331 3297 et

301 3358 443 3432 tempora
472 3356 504 3410 et
529 3345 697 3432 ingenium
718 3348 810 3433 quasi
833 3358 936 3412 totum
956 3365 990 3413 so
1009 3345 1211 3413 transtulerit
1228 3359 1262 3413 ot
1280 3349 1329 3411 im

301 3459 491 3524 sinuaverlt:
516 3458 666 3522 eamdem
681 3481 760 3524 vero
775 3460 902 3540 illam,
936 3464 971 3524 si
988 3483 1065 3526 sum
1086 3479 1223 3526 summo
1239 3461 1331 3526 ntes·-

301 3584 386 3638 mna
403 3573 651 3657 probabilitate
673 3575 793 3654 liceat,
819 3576 969 3640 adivisti
990 3579 1128 3664 ingenii
1143 3578 1331 3664 cogitasti·

301 3687 424 3766 nilus,
462 3690 537 3752 nisi
568 3688 707 3774 pinsito
733 3687 991 3777 disciplorum,
1015 3713 1119 3779 quoe,
1153 3703 1332 3777 tamquam

303 3812 459 3866 moturos
493 3795 656 3889 frotetus,
699 3805 739 3867 in
777 3821 989 3871 communem
1025 3808 1185 3870 continuo
1228 3819 1333 3869 usum

299 3914 470 3996 conferat,
500 3930 588 3981 uerte
609 3917 824 4003 placitorum
853 3921 964 3984 initia
996 3934 1028 3985 et
1061 3922 1164 4006 quasi
1193 3922 1332 3984 semino

300 4045 553 4117 suscepturum,
576 4054 659 4117 quoe
670 4031 716 4096 ad
725 4046 925 4097 nostrorum
937 4047 1127 4120 temporum
1138 4034 1234 4098 velut
1248 4047 1330 4098 tens-

300 4146 429 4225 psriem
448 4144 604 4224 exsulta,
627 4145 818 4210 uberrimos
835 4147 1026 4234 aliquando
1039 4147 1185 4236 fruetus
1201 4150 1331 4236 generi
