2875 5075
614 519 677 581 14⁷

124 691 181 755 isti
204 690 360 756 clamores
377 702 488 768 erant,
512 702 550 754 ut
573 712 612 757 eo
638 693 824 777 praesertim
852 702 994 777 ternpore
1015 694 1158 760 omnium

124 815 316 871 censeretur
326 804 457 890 ingenio
470 805 644 892 animoque
657 808 884 891 praestantium
904 807 1061 886 virorum,
1078 829 1159 873 con-

124 918 257 987 firmare
283 919 403 997 bonos,
427 928 460 981 et
481 917 601 1004 quibus
618 930 747 1004 possent
767 921 891 983 cunctis
911 900 1084 1005 sapientiae
1111 942 1161 985 ra·

124 1033 272 1100 tionibus
292 1032 434 1101 fulcrum
453 1032 590 1099 civitatis
606 1035 702 1100 tueri.
736 1033 912 1099 Heusdium
930 1054 1061 1122 qnoque
1081 1035 1159 1101 hor-

124 1148 283 1215 tabantur
310 1147 509 1234 complures,
541 1169 583 1213 no
613 1170 703 1215 suam
734 1168 845 1213 rocem
875 1149 996 1235 requiri
1021 1151 1156 1228 sineret,

123 1262 184 1327 sed
214 1284 346 1349 operam
369 1260 461 1327 daret
488 1283 616 1329 omnem
635 1284 701 1349 qno
724 1262 893 1327 imminens
925 1263 1046 1328 malum
1067 1283 1157 1329 arer-

124 1386 266 1442 teretnr.
294 1353 1053 1464 «wyttenbachius-ajehant—-nonumplins
1066 1378 1159 1457 ririt,
1277 1386 1279 1393 ’

124 1491 304 1557 exstinctus
321 1503 369 1557 est
388 1490 535 1571 Croesus,
553 1492 752 1576 Kempernrn
774 1512 906 1579 quoque
923 1490 1161 1572 desideramus,

125 1608 186 1691 qni
200 1605 485 1691 minimeprolecto
501 1605 660 1673 uoitorm
677 1605 801 1672 inisset.
825 1606 874 1672 'lu
891 1627 969 1692 age,
985 1618 1110 1692 praesta
1130 1617 1161 1671 te

25 1768 30 1779 .
124 1719 279 1789 virent»
311 1720 367 1785 llis
395 1720 527 1787 vocibus
553 1741 619 1788 uon
644 1720 868 1805 obtemperare
889 1719 1068 1800 Hensdius,
1101 1721 1160 1787 etsi

17 1849 18 1852 ’
123 1832 254 1899 alienus
272 1856 291 1899 a
309 1834 468 1901 librorum
486 1834 674 1921 scriptione,
696 1834 856 1919 praesenti
873 1844 997 1901 tautum
1015 1835 1088 1901 nsui
1106 1835 1160 1899 in·-

124 1949 355 2028 sorrientinm,
374 1949 509 2016 nefusin
526 1970 563 2015 re
579 1946 660 2015 odeo
677 1948 766 2035 grari
786 1947 936 2018 ducebat.
959 1949 1059 2035 Capto
1075 1948 1158 2015 ocri·

124 2062 229 2127 bendi
256 2062 409 2142 eonnlio,
443 2063 642 2149 peculiarem
663 2062 859 2150 exsequendi
887 2063 1042 2129 rationem
1067 2062 1159 2141 iniit,

124 2198 197 2264 qun
216 2188 322 2241 tamen
342 2176 410 2241 sine
433 2178 635 2265 arrogantiae
652 2178 831 2264 partiumve
853 2176 953 2244 studii
970 2177 1078 2263 specie
1099 2176 1160 2241 sibi

124 2290 293 2357 liberrime
315 2289 462 2359 dicturus
481 2291 657 2378 multisque
678 2290 776 2356 iidem
802 2292 947 2357 facturus
975 2312 1043 2357 esse
1070 2290 1157 2355 ride-

124 2406 236 2472 batur.
277 2404 447 2491 Dialogum
466 2406 553 2469 enim
571 2404 799 2483 meditabatur,
824 2406 1023 2491 antiquitatis
1049 2406 1158 2472 colore

124 2522 280 2588 tinctum.
298 2518 415 2584 Senem
424 2518 484 2584 sibi
495 2517 656 2585 obocnlos
666 2519 805 2605 ponebat
814 2519 952 2604 priscum
963 2517 1158 2587 Neerlendo·

124 2655 204 2699 rum
214 2632 356 2705 indolem
369 2632 578 2713 referentem,
591 2633 695 2698 virum
704 2633 826 2718 ingenii
836 2632 978 2698 bonitate
991 2633 1159 2720 multoque
1221 2683 1223 2690 .

124 2766 240 2815 rernm
257 2769 316 2813 usu
332 2747 510 2832 insignem,
529 2747 718 2813 sententiam
728 2749 760 2812 in
778 2747 971 2833 gravissimis
988 2749 1108 2834 patriae
1126 2759 1158 2814 et

124 2861 339 2930 humanitatis
349 2861 452 2926 causis
463 2861 588 2945 aperire
598 2862 786 2947 neutiquam
798 2860 1010 2930 dubitantem.
1040 2863 1157 2947 Hujus-

126 2975 218 3044 modi
232 2997 341 3042 senem
361 2975 422 3040 sibi
441 2975 639 3062 proponebat
661 2978 786 3060 saepius
806 2999 880 3042 cum
901 2978 1004 3042 amico
1019 2978 1158 3064 quodam

126 3112 290 3158 sermones
306 3089 346 3156 de
358 3091 559 3156 institutione
570 3100 676 3155 nostra
693 3090 878 3169 miscuisse,
890 3113 972 3176 quos
984 3091 1071 3156 huuc
1085 3115 1155 3156 mox

128 3205 336 3291 epistolarum
365 3205 448 3269 serie
473 3225 584 3268 secum
616 3205 907 3269 communicantem
932 3203 1064 3269 faceret.
1104 3205 1158 3268 Sic

127 3319 268 3406 dialogi,
295 3318 437 3405 epistolis
455 3317 583 3396 inserti,
605 3317 709 3382 forms
736 3318 872 3403 scriptus
891 3318 994 3401 patrio
1013 3338 1158 3382 sermone

58 3467 60 3473 ·
128 3434 213 3500 liber
227 3446 294 3514 est,
318 3434 375 3521 qni
389 3431 577 3518 Epistolor
593 3431 736 3498 continet
753 3431 794 3496 de
812 3443 944 3498 natura
964 3444 997 3496 et
1014 3433 1160 3498 oonsilio

129 3548 379 3616 Imtitntions'a
395 3546 614 3632 Superioris,
632 3567 770 3633 quornm
784 3547 943 3612 Hensdins
961 3548 1009 3612 nti
1019 3549 1158 3633 primum

129 3686 164 3730 oe
185 3663 342 3730 editorem
362 3661 477 3739 modo,
501 3661 546 3725 ita
567 3661 642 3726 dein
666 3659 785 3725 diserte
810 3683 843 3725 se
872 3663 1060 3747 scriptorem
1084 3685 1158 3747 pro·

129 3779 230 3847 tessus
261 3789 319 3844 est.
334 3776 359 3862 ¹)
410 3778 471 3842 Eas
499 3785 605 3840 autem
634 3775 790 3862 Epilogus
817 3777 952 3860 excipit,
989 3798 1055 3862 quo
1089 3777 1158 3860 ipse

139 3975 333 3986 -·--.—--

164 4080 191 4145 1)
214 4081 364 4146 Vourdorigt
377 4080 421 4129 dar
435 4079 570 4146 Uirgoeerr
582 4094 643 4127 roor
654 4081 768 4128 Brieeon
780 4094 839 4127 ocor
851 4078 900 4126 dors
912 4079 977 4126 cord
993 4095 1023 4126 on
1034 4079 1064 4126 do
1078 4079 1160 4127 strok-

132 4166 197 4234 ling
215 4182 266 4216 eoo
283 4168 385 4232 Hoogor
399 4167 543 4231 Oudorwrjo
562 4170 589 4214 ct
603 4182 626 4229 p.
649 4162 700 4214 2⁷4
714 4166 770 4228 ed,
788 4171 814 4212 ct
831 4162 976 4226 voorherigt
992 4165 1037 4211 der
1056 4165 1157 4226 uitguve

133 4268 181 4303 un
202 4251 278 4303 1⁸3⁵.

943 4335 1005 4402 10*
