2875 5075
605 518 647 581 89

13 760 15 777 ‚
103 672 256 777 quojure
272 688 403 755 dicatur
417 680 501 775 ἔρως
523 676 689 775 ἀντέρωτα
708 686 839 767 abaco,
862 688 952 753 iniis
974 688 1133 754 chsdius

13 822 15 889 t
102 804 163 868 luit
186 802 345 869 bonarum
366 802 484 867 artium
511 799 714 880 doctoribus,
735 803 792 888 qni
815 803 990 889 plurimum
1009 805 1134 889 expeti.

13 916 14 929 ³
103 927 226 981 rentur.
272 917 342 982 Non
369 914 427 979 diu
454 914 552 1000 paulo
579 916 743 980 erectioris
768 916 884 982 indolis
903 916 1038 999 juvenes
1064 916 1134 1001 ejus
1238 913 1239 918 ’

103 1029 272 1116 disciplina
294 1030 344 1095 usi
368 1030 515 1109 fuerant,
548 1029 628 1116 quin
657 1028 744 1095 allici
778 1052 845 1093 sese
864 1030 903 1095 ad
923 1030 1012 1095 hunc
1029 1032 1134 1096 sirum

104 1145 269 1211 sentirent.
315 1144 412 1207 Initio
432 1141 512 1207 haec
532 1164 613 1230 vaga
633 1142 819 1223 admiratio,
843 1154 954 1229 utpote
974 1144 1134 1223 tironum,

13 1250 15 1285 ⁵
103 1259 153 1323 rix
182 1257 345 1323 dissimilis
372 1257 421 1336 ei,
456 1278 520 1343 qna
546 1256 705 1323 Heusdius
733 1258 803 1344 ipse
823 1258 963 1343 primum
980 1259 1136 1344 Wyttcm

13 1354 15 1363 ’
103 1370 256 1437 bachium
272 1394 366 1437 sunm
385 1383 574 1457 prosecutus
597 1372 712 1438 luerat.
736 1372 798 1437 Sed
811 1394 895 1459 ‚quo
911 1372 1012 1458 magis
1034 1373 1136 1437 Heus·

13 1524 14 1531 κ
104 1484 218 1551 dianae
251 1486 381 1550 rationis
407 1485 467 1549 sibi
496 1486 651 1571 paulatim
671 1486 792 1551 conscii
811 1485 953 1566 fiebant,
982 1506 1020 1551 eo
1039 1507 1137 1572 prae-

13 1590 15 1693 p
105 1610 270 1686 captorem
287 1600 393 1665 colere
410 1620 448 1665 ac
466 1598 600 1687 diligere
620 1600 721 1686 magis
748 1600 956 1687 incipiebant.
990 1599 1027 1664 In
1044 1598 1138 1665 sclro·

13 1696 15 1747 l
74 1787 77 1794 ¹
105 1715 150 1781 las
171 1714 241 1799 ejus
260 1707 447 1793 historicas,
478 1713 519 1778 ad
550 1714 703 1779 sessiones
723 1715 918 1799 vespertinas
942 1726 1082 1801 quatuor
1105 1724 1138 1779 ct

13 1872 15 1919 t
105 1828 216 1914 plnres
237 1827 317 1893 adeo
338 1849 436 1921 annos
453 1828 621 1909 continuos
640 1806 781 1909 venires
795 1828 862 1912 ejus
883 1828 1134 1908 consuetudine,

106 1942 215 2029 quoad
230 1952 378 2028 poterant
405 1954 436 2007 et
456 1943 592 2025 licebat,
617 1945 685 2024 uti,
719 1943 760 2009 de
778 1943 978 2030 gravioribus
995 1942 1076 2007 adeo
1091 1944 1139 2007 ri-

13 2040 14 2119 l
106 2068 157 2121 tae
177 2057 273 2121 rebus
293 2079 366 2121 cum
388 2058 556 2139 consulere
575 2058 732 2125 solebant.
762 2059 848 2142 Quin
869 2058 1013 2151 germani
1040 2055 1142 2123 disci·

105 2171 197 2256 puli,
230 2172 263 2234 in
295 2192 375 2259 qnos
402 2192 494 2235 nemo
514 2193 578 2236 nou
596 2172 701 2259 liujus
724 2172 900 2257 praecipue
927 2171 1026 2235 refert
1054 2170 1140 2235 effati

13 2304 15 2319 ³
106 2285 320 2370 scriptorem,
340 2306 365 2363 ¹«
377 2284 462 2352 haud
474 2286 566 2352 aliter
582 2285 847 2373 ergaHeusdium
867 2297 965 2373 atque
983 2284 1043 2378 filii
1063 2306 1140 2372 erga

106 2410 232 2484 patrem
249 2398 356 2465 affecti
376 2409 498 2466 crant.»
524 2398 548 2487 1)
583 2399 705 2482 Quodsi
726 2412 870 2486 tempora
890 2398 1140 2467 inciderantdi-

105 2512 195 2578 lecto
215 2514 285 2578 viro
302 2513 543 2592 memorabilia,
567 2513 822 2580 luculentissime
841 2512 993 2596 patebat,
1028 2512 1141 2596 quanti

13 2657 14 2660 ¹
105 2626 494 2692 cumfacerentuniversi.
512 2625 631 2708 Infirus
644 2626 819 2690 multorum
830 2624 943 2705 animis
952 2625 1064 2690 haeret
1074 2624 1141 2691 dies

107 2743 152 2806 26
179 2762 222 2806 m.
241 2739 385 2805 ianuarii
407 2761 436 2805 a.
462 2741 570 2818 1829,
605 2762 669 2827 quo
686 2738 848 2804 Heusdius
873 2741 1019 2829 quinque
1040 2740 1142 2804 lustra

108 2853 256 2921 docendo
276 2853 429 2940 explorat.
474 2852 562 2918 Nihil
587 2854 625 2940 od
641 2875 818 2936 summam,
842 2876 907 2941 qna
926 2853 1011 2941 apud
1028 2852 1142 2938 cnjus-

109 2969 158 3055 vis
175 2967 341 3033 doctrinae
353 2966 508 3034 studiosos
527 2968 684 3049 florebat,
709 2970 846 3055 gratiam
862 2969 1044 3034 videndam
1059 2970 1164 3055 apti·-

110 3105 149 3172 ,¹¹⁸
167 3083 268 3148 fuerit
288 3082 425 3168 solemni
439 3082 496 3146 illa
514 3082 554 3147 ad
577 3084 713 3149 musices
741 3095 933 3149 concentum
952 3085 1143 3150 salutatione

13 3175 15 3244 i
113 3198 291 3284 vespertina
303 3245 320 3277 ,.
337 3218 434 3283 qnam
454 3196 674 3290 Wilbrinlrius
692 3196 862 3282 descripsit
875 3243 885 3275 ,
893 3196 1039 3279 juvenis,
1063 3197 1142 3262 dum

113 3312 146 3400 in
165 3311 244 3375 viris
263 3323 352 3390 erat,
375 3311 505 3397 ingenio
524 3310 696 3396 animoque
716 3308 897 3388 excellens,
929 3307 1062 3374 Heusdii
1081 3330 1140 3394 per

114 3437 235 3512 septem
252 3447 351 3490 annos
370 3425 496 3490 auditor
509 3424 653 3492 assiduus
666 3425 785 3511 ,inque
799 3445 837 3488 eo
847 3421 983 3489 colendo
996 3433 1141 3488 nostrum

115 3541 234 3606 nemini
248 3539 426 3619 secundus,
450 3539 600 3606 historiae
619 3551 727 3605 autem
751 3559 859 3604 amore
880 3537 1122 3624 flagrantissimo

116 3677 231 3744 quern,
254 3657 280 3720 si
304 3656 369 3721 lata
390 3655 560 3735 sivissent,
591 3677 664 3720 mor
695 3652 821 3739 duplici
841 3653 1035 3739 probaturus
1062 3655 1142 3718 luis-

116 3781 162 3836 set
191 3770 430 3857 Disputatione‚
460 3768 561 3834 altera
586 3767 626 3833 de
652 3767 875 3850 liebertum,
899 3767 940 3833 de
965 3789 1144 3856 sacrorum

118 3885 349 3950 emendatione
370 3886 479 3964 alterd.
513 3883 576 3948 Sed
607 3877 703 3967 hujus
730 3881 977 3968 descriptionem
1001 3882 1143 3979 quoties·

153 4263 179 4329 tt
197 4265 303 4328 noant.
319 4245 482 4328 rejanum:
497 4262 637 4313 murtea
648 4265 678 4312 a
692 4261 800 4325 taffo,
816 4275 840 4310 ι.
856 4257 938 4324 maa,
957 4252 982 4327 μ’.
995 4242 1058 4310 als.
