2875 5075
763 562 826 637 1²⁰.

281 738 527 825 disquisitiones.
561 736 637 800 Erat
656 732 757 813 illud,
778 744 818 798 nt
835 754 855 796 o
872 733 1091 819 superioribus
1109 732 1204 797 facilc
1224 753 1316 796 asse
1434 778 1436 827 3

281 852 430 938 quimur,
458 850 565 915 horon.
612 848 753 927 ldature,
782 844 1054 933 quemadmodum
1089 846 1248 927 vidimus,
1279 848 1317 910 iu
1434 908 1436 951 ᾗ

281 966 415 1032 Platone
436 965 466 1029 oi
486 964 635 1029 arriserat
652 972 786 1032 naturae
801 960 961 1057 hnmanae
981 961 1115 1041 notitia,
1142 972 1176 1025 et
1192 982 1318 1047 magno
1434 958 1436 963 ’

280 1100 356 1145 sane
382 1080 468 1145 bono
495 1078 635 1163 'l'rajecti
666 1076 832 1141 historiam
860 1074 1001 1141 docendi
1026 1098 1161 1155 munus,
1183 1075 1218 1140 id
1246 1086 1315 1153 est,

281 1213 351 1259 eam
382 1194 535 1259 continuo
559 1203 673 1257 nactus
698 1202 767 1255 erat
797 1190 1012 1277 provinciam,
1048 1210 1133 1276 qnae
1160 1190 1315 1276 egregias

281 1310 451 1396 praeheret
478 1306 615 1373 hominis
654 1303 894 1391 contemplandi
928 1303 1193 1391 opportunitates.
1238 1306 1316 1369 idox

282 1421 448 1509 discipulis
466 1420 649 1500 iudicabat,
674 1440 708 1483 ae
726 1440 833 1484 reram
852 1417 1088 1505 philosophiam
1103 1418 1138 1482 in
1152 1420 1316 1504 coguitio-

281 1558 323 1602 ne
340 1536 478 1603 hominis
497 1530 631 1621 positam
650 1534 842 1600 existimare.
863 1532 889 1620 ¹)
920 1532 983 1599 sod
1004 1532 1184 1601 carendum
1207 1533 1316 1598 nihilo

282 1652 405 1731 minus,
430 1670 470 1713 ne
489 1647 651 1728 lleusdio,
675 1647 838 1713 hominem
856 1646 1094 1729 consideranti,
1117 1647 1210 1711 uirma
1230 1648 1317 1711 laci-

282 1766 328 1830 les
342 1764 504 1831 celeresre
531 1784 718 1851 progressus
745 1762 934 1829 tribuamus.
979 1763 1051 1827 llou
1069 1763 1156 1827 ultro
1172 1772 1206 1825 ct
1223 1773 1314 1825 tam·

282 1902 379 1967 qnam
403 1878 546 1965 pellente
565 1878 642 1943 honi
671 1878 793 1965 ingenii
818 1878 1037 1964 egregiaeque
1063 1876 1262 1944 educationis
1282 1877 1314 1939 si

282 1995 322 2060 ad
339 2014 409 2059 eam
426 1993 561 2060 accessit
579 1992 810 2079 cogitationum
825 1990 1029 2057 altitudinem
1050 2003 1084 2056 et
1101 1990 1313 2069 evidentiam,

282 2130 380 2196 quam
397 2117 507 2194 postea
524 2106 558 2171 in
577 2128 615 2171 eo
642 2107 842 2193 agnovimus.
889 2104 1149 2172 ssnustnutissime
1176 2106 1312 2169 liberri-

281 2242 398 2309 mcque
417 2222 620 2317 inquirebat,
650 2220 748 2285 nullis
775 2232 852 2285 ante
879 2230 1102 2306 susceptarum
1125 2220 1314 2307 opinionum

282 2336 419 2403 vinculis
437 2358 471 2399 se
487 2337 630 2403 coerceri
652 2336 835 2420 patiebatur
847 2354 863 2415 ‚·
880 2347 1044 2401 externam
1065 2334 1147 2401 adeo
1172 2334 1314 2401 homima

285 2451 500 2518 conditionem
517 2450 617 2538 magis
638 2450 804 2534 spectabat
824 2461 857 2513 ot
876 2450 977 2534 pluris
998 2449 1313 2538 ducebat‚.quame

283 2567 512 2654 posterioribus
542 2565 612 2650 ejus
646 2566 774 2652 scriptis
808 2567 1019 2652 suspicemur.
1054 2563 1081 2651 ²)
1123 2565 1313 2636 Phantesiao

283 2683 379 2745 etiam
397 2683 428 2744 vi
446 2681 598 2766 abreptus
613 2681 649 2744 iu
669 2701 722 2745 eas
740 2701 981 2766 nonnumquam
1003 2679 1166 2747 incidebat
1184 2680 1312 2765 opinio·

283 2815 359 2872 nes,
376 2815 514 2881 quarum
533 2795 694 2859 levitatem
711 2806 822 2879 postca
841 2793 979 2862 candide
1002 2793 1181 2873 fatebatur,
1206 2795 1312 2859 omni·

282 2927 390 2994 noque
404 2907 487 2975 illud
501 2907 612 2971 arduo
623 2908 844 2994 qoocpolcrc
861 2919 926 2972 tam
939 2907 1116 2988 limodins,
1138 2931 1235 2996 quam
1253 2909 1311 2995 qni

283 3021 433 3102 maxime,
450 3033 599 3107 expertus
619 3033 677 3088 est.
702 3022 826 3092 Verum
843 3021 985 3102 idcirco,
998 3023 1155 3109 superatis
1165 3022 1311 3090 difficul-

283 3136 422 3216 tatibus,
455 3157 494 3200 eo
517 3137 635 3201 arctius
659 3138 696 3204 iis
724 3135 892 3202 devinctus
916 3149 1002 3216 erat,
1037 3138 1093 3224 qui
1111 3139 1172 3224 ipsi
1194 3139 1313 3226 anqui-

283 3251 365 3316 renti
388 3261 421 3314 et
434 3251 573 3318 enitenti
592 3251 676 3316 viam
697 3263 959 3318 monstraverant.

326 3367 448 3431 llornm
466 3375 574 3430 autem
596 3367 747 3450 princeps
762 3367 795 3429 in
814 3366 924 3451 primia
947 3367 1065 3430 exstitit
1081 3367 1189 3445 Plato,
1213 3365 1310 3449 cujus

283 3477 414 3564 quidem
431 3478 472 3542 ad
489 3501 563 3544 eum
581 3479 794 3545 excolendum
812 3481 860 3544 vis
883 3490 921 3544 ut
945 3481 1068 3568 ubique
1092 3492 1244 3567 apparet,
1266 3481 1311 3550 ita

282 3593 315 3655 in
335 3613 392 3670 eo,
416 3591 503 3677 quod
521 3591 575 3656 hic
599 3594 764 3672 volumus,
798 3573 998 3680 potissimum
1028 3595 1310 3669 arrimadvertenda

283 3705 380 3772 venit.
414 3706 508 3771 Hunc
531 3707 615 3770 enim
635 3728 701 3792 quo
721 3689 907 3795 diligentius
928 3730 991 3773 non
1011 3721 1152 3789 tantum,
1165 3709 1222 3774 sed
1241 3731 1308 3799 quo
1432 3776 1433 3781 ,

283 3822 422 3907 paratior
433 3821 585 3905 inprimis
596 3845 613 3886 a
623 3823 816 3907 populorum
828 3823 1010 3909 cognitione
1021 3835 1053 3888 et
1061 3823 1198 3891 hominis
1207 3835 1306 3911 atque

283 4015 485 4025 --—.-—.—-—-

315 4136 342 4202 1)
360 4139 416 4188 vit.
430 4155 505 4205 snpra
519 4157 544 4206 p.
562 4139 603 4190 50.

314 4219 341 4285 2)
360 4223 442 4274 lacile
459 4227 522 4275 mihi
537 4227 644 4276 credent
661 4227 787 4296 lectores,
801 4227 860 4278 coll.
874 4229 982 4278 Salaciae
997 4231 1095 4280 socrat.
1117 4229 1156 4279 lll
1170 4229 1300 4294 prooemio

281 4325 305 4372 p.
325 4307 348 4358 6.
