2875 5075
791 525 832 586 te

298 711 477 785 temporum
493 696 674 763 discrimina
695 696 826 763 notabat
844 709 877 763 et
903 697 961 762 hte
978 700 1053 763 item
1071 700 1106 762 in
1126 721 1202 765 suae
1231 702 1325 787 quid·

299 835 363 901 que
393 813 503 877 aetatis
529 813 602 877 luce
624 832 745 897 ponere
770 811 959 878 conahatur.
1004 812 1076 877 Non
1102 812 1177 879 dieo
1200 816 1326 880 eumin

205 1003 209 1011 f
296 926 345 991 his
363 926 509 992 omnihus
528 946 652 1011 sempor
668 946 779 991 verum
797 923 920 992 vidisse.
966 926 1018 990 Nil
1047 926 1131 992 foret
1151 928 1326 994 ridiculum

296 1042 395 1127 magis
422 1052 478 1105 aut
501 1041 541 1105 ab
560 1030 663 1125 ipsius
680 1039 805 1123 judicio
825 1061 864 1104 ao
882 1040 1046 1105 voluntate
1066 1041 1215 1109 alienius.
1260 1043 1325 1107 Sed

296 1155 374 1241 quid
396 1155 520 1219 assidue
537 1154 745 1240 spectaverit,
780 1174 845 1240 quo
871 1165 1013 1217 montem
1040 1155 1224 1220 auditorum
1250 1178 1326 1221 eon·
1398 1156 1406 1166 “

294 1272 439 1352 venerit,
462 1269 604 1335 ostendo.
652 1269 737 1334 Illuc
749 1280 857 1334 autem
882 1267 1035 1333 tendendi
1054 1290 1158 1356 eoque
1183 1269 1242 1335 hos
1262 1271 1324 1336 du·

295 1383 388 1449 condi
405 1386 625 1472 opportunitas
642 1405 801 1471 nusquam
816 1384 953 1469 amplior
970 1395 1038 1448 erat
1060 1405 1158 1470 quam
1176 1386 1211 1449 in
1231 1387 1326 1451 latis-

294 1500 374 1563 simo
389 1497 538 1564 historiae
559 1500 724 1593 universae
740 1518 864 1586 eampo.

337 1615 425 1678 Haeo
442 1626 511 1679 orat
528 1614 734 1678 institutionis
750 1634 843 1699 pars,
867 1634 982 1699 quarm
1015 1613 1056 1677 de
1079 1613 1325 1701 Wyttenhaohii

293 1729 466 1808 sententia,
490 1728 630 1794 Heusdio
651 1728 825 1812 Trajeotini
847 1727 1000 1793 mandare
1023 1749 1088 1791 nou
1117 1727 1318 1809 debuerant,

293 1864 457 1930 quamque
468 1843 589 1909 idcirco
612 1855 779 1931 tantopere
798 1844 864 1907 sive
880 1862 1082 1929 progressam
1095 1844 1161 1907 sive
1177 1864 1323 1909 eommu-

291 1969 391 2023 tatam
408 1977 476 2022 esse
494 1960 675 2045 suspicere,
705 1970 742 2023 ut
759 1956 985 2044 posterioribus
1008 1957 1097 2021 annia
1124 1957 1235 2023 nullae
1254 1960 1324 2023 ter·

292 2093 343 2137 me
362 2074 505 2159 prolatae
524 2075 644 2139 tuerint
664 2075 779 2159 prioris
799 2073 950 2159 temporis
967 2073 1155 2167 opiniones,
1188 2074 1240 2137 vel
1256 2075 1323 2138 eal-

293 2199 358 2251 te'm
377 2208 504 2269 eorum,
528 2208 612 2275 quae
637 2187 811 2275 aliquando
828 2187 1097 2273 praestantissima
1121 2186 1321 2270 judicaban-

293 2312 369 2379 tur,
392 2312 484 2367 antea
502 2303 551 2366 vir
578 2303 736 2367 leuissima
757 2302 965 2387 apparuerint
990 2301 1092 2367 initia.
1138 2301 1201 2366 uto
1225 2303 1322 2367 facile

292 2425 340 2479 est
365 2437 477 2480 verum
506 2436 571 2480 non
601 2418 730 2483 omnino
756 2417 891 2503 assequi.
934 2415 1028 2480 Haud
1059 2414 1236 2501 quidquam
1260 2416 1322 2481 de-

290 2542 429 2596 tractum
453 2531 526 2596 volo
553 2530 594 2594 da
618 2531 773 2597 seriorum
800 2528 984 2596 scholarum
1010 2528 1215 2611 oeiehritate3
1261 2530 1320 2597 sed

291 2646 411 2730 priores
430 2667 470 2709 ne
487 2644 722 2732 despiciantur,
745 2645 873 2711 habitae
890 2656 1001 2732 utpote
1019 2644 1061 2709 ab
1078 2667 1134 2725 eo,
1171 2646 1246 2731 qui,
1277 2647 1318 2710 ti-

291 2771 343 2824 oet
358 2760 484 2843 juvenis
509 2755 683 2845 plurimum
703 2761 738 2822 iu
765 2760 866 2824 literis
891 2773 924 2824 et
948 2759 1150 2846 philosophia
1177 2773 1321 2827 versatus

290 2873 421 2953 fuisset,
445 2873 627 2960 horumque
654 2874 790 2938 maxime
819 2875 922 2961 gratia
946 2875 1096 2939 historiae
1112 2895 1242 2959 operam
1257 2873 1321 2940 de-

292 2987 406 3068 disset,
420 2969 486 3052 istis
504 3000 610 3052 tamen
627 2987 743 3052 finibus
761 3010 824 3053 non
835 2991 994 3054 contineri
1012 2989 1096 3054 hano
1116 2988 1321 3074 disciplinam

291 3104 464 3183 censebat,
483 3103 648 3192 ipsamque
659 3103 812 3187 tuncjam
824 3106 848 3169 si
860 3105 964 3169 minus
975 3104 1132 3185 traderet,
1144 3115 1177 3168 at
1191 3105 1321 3191 cogita-

290 3219 345 3283 bat
357 3230 405 3299 ,st
416 3220 547 3305 optabat
557 3223 698 3308 generis
718 3219 863 3284 huntam·
880 3221 1067 3284 historiam
1077 3239 1153 3283 eum
1166 3218 1320 3284 historio

291 3335 528 3400 humanitatis
559 3336 773 3418 conjunctam.
793 3335 818 3423 ¹)
849 3337 927 3423 Legi
959 3337 1136 3421 primorum
1160 3353 1320 3398 annorum

248 3455 252 3462 '
290 3448 577 3514 animadversiones
604 3470 700 3515 manu
736 3452 889 3543 seriptas,
910 3447 937 3537 ²)
967 3450 1135 3536 libensque
1166 3447 1320 3514 Goudoe-

291 3562 378 3626 serio
397 3562 565 3642 assentior,
587 3563 644 3649 qui
659 3562 708 3628 his
726 3564 872 3629 interfuit
888 3563 1025 3642 scholis,
1052 3585 1071 3627 a
1089 3563 1193 3648 primo
1213 3563 1319 3627 fleus

290 3835 489 3848 muna—n-

323 4003 349 4069 1)
369 4009 462 4058 school
475 4026 525 4060 oon
540 4012 627 4077 Polyb.
644 4029 668 4077 p.
687 4012 728 4064 12.
748 4029 803 4078 sqq.
823 4019 850 4063 ot
866 4030 891 4077 p.
908 4011 967 4062 tos.

323 4089 350 4156 2)
368 4095 416 4144 Hae
442 4096 621 4146 humanissime
642 4113 713 4147 meua
730 4113 830 4146 meeum
844 4100 1042 4149 communicavit
1057 4101 1157 4164 collega
1174 4101 1197 4150 J.
1216 4101 1258 4150 W.
1278 4102 1318 4150 De
1416 4122 1417 4149 ³

288 4179 377 4242 (trane,
387 4181 491 4230 ouiseni
501 4185 641 4234 venerabili
655 4185 759 4249 publice
780 4185 872 4248 gratias
887 4200 963 4247 agere
978 4201 1009 4234 eo
1026 4202 1086 4235 sane
1100 4185 1314 4252 jucundiorem,

290 4279 343 4326 quo
360 4267 517 4316 constantius
534 4269 578 4317 ille
597 4269 659 4318 mihi
676 4271 790 4333 meisque
801 4271 891 4320 studiis
905 4274 981 4321 taret.
