2875 5075
617 528 658 591 73

119 714 218 767 esset:
234 712 266 765 et
286 723 359 766 reru
380 700 523 781 ostendi,
540 712 697 788 qnantum
708 701 790 766 lucis
804 701 955 788 antiquae
970 700 1058 791 illius
1077 700 1149 787 plri-

119 814 282 901 losophiae
300 802 442 880 studium
476 816 572 881 etiam
597 834 684 879 nunc
712 815 826 879 afferre
854 816 1001 881 omuibus
1031 816 1147 900 possit,

118 929 203 994 bona
230 952 286 993 sna
315 929 542 995 excellentiora
563 930 690 1016 penitus
717 950 808 993 nosse
829 926 1046 1016 cupientibus.
1092 929 1148 995 stc

117 1054 294 1128 praeeunte
315 1043 395 1125 illo,
420 1042 534 1130 quidni
560 1056 706 1109 nostrum
736 1044 898 1109 nonnullis
922 1043 955 1108 id
978 1064 1148 1108 commune

117 1158 279 1242 cumipse
299 1158 415 1238 fuerit,
439 1158 613 1246 ntpariter
633 1180 701 1223 sese
720 1156 761 1223 ad
779 1158 908 1244 egregia
931 1178 1079 1243 quaeque
1096 1157 1150 1221 in·

118 1272 430 1337 uitatosetaccensos
442 1268 657 1358 sentirentl1)
674 1272 871 1337 Pulcerrima
882 1292 958 1335 sane
968 1271 1147 1337 animorum

117 1386 306 1451 eonsensiol
329 1386 500 1474 Utrimque
524 1408 561 1451 ea
579 1386 787 1451 animadverti
805 1408 870 1451 non
897 1395 1043 1472 poterat,
1067 1385 1148 1470 quin

117 1511 205 1565 arcte
231 1498 444 1587 conjungeret
471 1511 638 1587 utrosque.
684 1500 760 1570 Vidi
787 1501 928 1565 riruma
957 1499 1147 1564 sessionibus

116 1614 180 1677 illis
204 1614 392 1699 vespertinis
419 1625 599 1695 recentem,
635 1613 847 1701 defatigatum
873 1635 967 1700 saepe
992 1613 1147 1679 diuturna

115 1728 315 1809 intentione,
350 1726 405 1792 sed
424 1729 563 1794 alacrem
585 1730 740 1795 continno
761 1741 794 1793 et
820 1728 938 1816 gaudio
960 1729 1146 1814 perfusum,

117 1840 175 1907 ubi
191 1840 232 1906 de
259 1843 535 1927 praestantissimis
560 1842 623 1906 illis
648 1843 816 1929 discipulis
832 1844 955 1908 reterre
975 1853 1145 1927 coeperat,

15 2000 16 2007 κ
116 1956 313 2043 quibuscum
327 1948 392 2022 una
413 1958 597 2043 inquirere,
630 1979 711 2044 quos
733 1956 949 2044 colloquendo
966 1956 1145 2021 inflamma·

116 2092 151 2134 re
168 2070 403 2135 incredibiliter
414 2071 598 2154 jucundum
628 2082 719 2138 esset.
764 2070 882 2136 Audiri
909 2070 1033 2135 sodales
1062 2070 1147 2134 virili

115 2196 222 2250 aetate
241 2186 393 2267 latentes,
417 2207 510 2251 suum
529 2208 604 2273 erga
629 2185 806 2251 Hensdium
824 2206 967 2250 amorem
981 2184 1032 2249 bis
1051 2204 1145 2269 prae·

115 2302 227 2365 sertim
247 2302 391 2367 coetibus
415 2301 550 2366 mirifice
571 2302 717 2367 crevisse.
748 2301 897 2367 ·Scilieet
912 2301 1018 2388 ipsum
1037 2320 1145 2363 exem·

114 2415 208 2500 plum
239 2416 457 2502 praeceptoris
490 2416 698 2501 contemplari
726 2437 885 2502 nusquam
911 2415 1029 2479 clarius
1054 2425 1145 2498 pote·
1219 2434 1224 2440 ·

15 2539 16 2578 ἲ
119 2541 200 2596 rant.
247 2529 315 2594 lloc
343 2530 406 2594 vim
427 2529 573 2617 ‚augebat
589 2506 784 2594 ¹sermonum
807 2529 848 2593 ad
879 2527 986 2613 pulcri
1012 2528 1146 2614 verique

114 2642 260 2708 studium
300 2643 575 2722 confirmandum,
617 2643 656 2708 ad
700 2641 900 2708 excitandam
935 2653 967 2706 et
999 2640 1145 2706 alendam

16 2803 17 2810 κ
88 2827 91 2834 ,
117 2757 384 2842 ritampropriam
399 2738 539 2843 vereque
554 2758 680 2822 vitalem
703 2758 949 2836 uberrimorum,
961 2757 1073 2844 quales
1088 2755 1145 2822 ad·

82 2909 86 2916 ,
117 2870 182 2935 huc
211 2869 259 2934 illi
288 2872 467 2958 loquuntur
490 2891 562 2936 eum
585 2855 731 2958 plantare
746 2884 779 2937 et
801 2873 957 2938 seminare
973 2872 1009 2936 in
1029 2871 1145 2936 animis

116 2983 305 3050 discentium
323 2986 541 3071 percalluisse.

160 3098 255 3180 Quod
274 3110 381 3164 autem
397 3099 437 3165 ad
457 3101 596 3166 Platonis
614 3103 812 3186 potissimum
831 3102 1003 3166 lectionem
1020 3100 1144 3164 allicie-

118 3213 189 3292 bat,
220 3213 254 3276 in
278 3235 315 3278 eo
342 3215 526 3301 agnoscitur
550 3201 568 3278 ὁ
591 3202 811 3300 summor.
844 3215 949 3296 Quem
964 3215 1032 3298 ipse
1051 3233 1143 3297 prae-

16 3345 17 3406 ]
117 3328 342 3393 etantissimum
367 3327 536 3412 judicabat
563 3327 661 3393 totius
696 3327 896 3414 antiquitatis
933 3326 1142 3411 scriptorem,

17 3527 19 3530 Ι
117 3463 180 3506 non
198 3453 323 3526 poterat
346 3463 408 3505 non
431 3463 505 3506 eum
522 3442 555 3504 in
578 3441 687 3528 primis
715 3440 939 3506 commendare
958 3452 991 3505 et
1007 3439 1143 3506 familia„

17 3547 18 3616 i
117 3577 184 3620 rem
212 3578 332 3641 cupere
351 3556 581 3642 compluribus.
614 3543 694 3620 Nota
709 3567 783 3620 sunt
801 3555 871 3639 ejus
890 3555 930 3620 ad
947 3552 1143 3620 Creunerum

17 3617 19 3738 l
116 3671 223 3738 rerba.
259 3671 320 3736 «si
337 3671 504 3758 quisalius
525 3691 562 3736 ex
580 3671 770 3757 antiquitate
785 3672 942 3756 scriptor,
963 3671 1055 3736 Plato
1066 3690 1142 3734 sane

17 3803 19 3942 q
110 3784 222 3872 jungit
246 3786 385 3863 animos,
420 3785 541 3872 quippe
569 3784 711 3850 studium
741 3787 879 3874 excitans
907 3787 1031 3850 virtutis
1041 3825 1063 3864 ,·
1075 3806 1142 3870 quo

17 3963 18 3990 ἶ
117 3899 306 3986 copulamur
327 3899 498 3966 facillime:
523 3899 594 3986 ,imo
615 3899 759 3966 incendit
778 3921 836 3964 nos
859 3900 1038 3964 vehementi
1058 3918 1143 3983 quo-

149 4261 175 4324 1]
195 4265 241 4312 Br.
256 4277 314 4310 ouer
329 4261 371 4312 leet
382 4263 513 4323 tenesmon
527 4263 572 4312 dor
584 4267 669 4331 suffag.
684 4279 709 4330 p.
730 4260 771 4313 88.
877 4265 882 4276 '
