2875 5075
752 542 819 604 200

274 716 472 801 propositum
497 714 654 780 colantur.
669 712 695 801 ¹)
729 716 766 779 lu
784 714 900 781 harum
920 725 1028 779 eutero
1046 714 1307 801 lincyclopaedih

275 830 384 895 locum
409 829 479 914 ipsa
498 841 635 914 occupat
654 829 853 917 primarium.
895 827 931 892 si
956 828 1041 891 enim
1060 841 1148 894 recte
1172 852 1212 894 ac
1231 828 1308 915 phi·

273 942 418 1027 losephisl
445 944 528 1009 viam
559 954 692 1028 parante
723 943 860 1022 colitur,
893 943 920 1005 si
948 964 1059 1028 reapse
1093 943 1227 1007 scientia
1256 952 1308 1007 est

273 1057 456 1123 harmoniae
476 1058 645 1143 utriusque
662 1057 793 1137 mundi,
815 1058 950 1143 ipsaque
968 1055 1091 1123 idcirco
1108 1057 1308 1143 pulcerrima

275 1183 375 1237 estet
401 1172 537 1237 maxime
563 1171 672 1237 divina
696 1173 839 1237 omnium
860 1170 1118 1251 harmoniarum,
1140 1183 1210 1237 tum
1227 1193 1308 1235 rere

273 1309 337 1353 una
358 1284 465 1372 prodit
486 1287 604 1351 artium
626 1308 665 1351 ac
689 1284 932 1372 disciplinarum
948 1286 1092 1351 omnium
1112 1288 1202 1351 velut
1224 1285 1306 1351 cho·

272 1424 345 1467 rum
372 1400 515 1465 ducens:
540 1412 609 1465 tum
631 1400 852 1487 philosophiae
873 1400 1017 1465 studium
1042 1400 1224 1487 philosophi
1245 1401 1307 1465 ha·

272 1518 388 1582 beetur
408 1517 444 1581 in
463 1516 693 1603 augustissimis
719 1515 862 1581 veritatis
890 1516 1048 1603 mysteriis
1071 1535 1128 1600 per
1159 1525 1242 1579 artes
1272 1527 1310 1579 et

272 1631 455 1717 disciplinas
485 1632 640 1709 initiatio,
673 1629 816 1695 studium
836 1639 944 1695 autem
965 1628 1200 1715 metaphysicae
1221 1639 1306 1693 tem·

272 1746 362 1830 plum
381 1747 487 1831 ipsum
510 1745 689 1823 habeatur,
712 1746 778 1809 imo
800 1743 932 1830 adytum
951 1744 1135 1829 sapientiae.
1144 1742 1175 1829 ²)

315 1860 360 1924 Ex
380 1858 429 1923 his
445 1860 585 1924 breviter
596 1858 792 1926 adumbratis
807 1857 969 1941 conjicere
986 1858 1081 1937 licet,
1102 1868 1307 1944 quantopere

271 1973 325 2039 hio
337 1994 469 2063 quoque
486 1974 568 2038 liber
580 1974 778 2059 peculiarem
794 1971 926 2037 lleusdii
939 1972 1057 2037 referat
1071 1971 1229 2037 sentiendi
1247 1994 1305 2038 co-

274 2089 461 2179 gitandique
477 2090 651 2168 rationem,
668 2111 706 2169 ae
717 2087 993 2175 flagrantissimam
1005 2086 1073 2170 ejus
1084 2088 1184 2172 spiret
1200 2086 1305 2153 homi-

230 2224 237 2239 ¹
273 2205 321 2267 nis
343 2205 469 2289 penitus
497 2203 686 2269 instituendi
716 2202 911 2288 cupidinem.
963 2201 1064 2267 llulta
1089 2203 1124 2266 in
1148 2202 1306 2267 relatione

272 2318 419 2382 breviore
435 2317 609 2383 omittenda
623 2318 775 2397 luerunt,
791 2317 881 2381 illam
891 2317 1051 2381 firmantia
1065 2318 1305 2401 conjecturam,

265 2454 413 2528 ¹quorum
439 2443 544 2497 umen
577 2454 640 2497 non
662 2452 791 2517 possum
821 2452 885 2497 non
912 2432 1087 2498 lectoribus
1108 2444 1175 2496 tam
1195 2433 1304 2499 locum

274 2547 315 2613 de
332 2547 544 2637 enrotogtat)
573 2569 671 2635 quam
695 2547 770 2611 libri
797 2547 894 2614 finem
922 2548 1167 2628 commendere,
1191 2549 1306 2635 quiin

273 2674 385 2728 mutua
399 2673 543 2728 versatur
555 2663 638 2726 inter
655 2660 889 2748 philosophiam
900 2673 933 2725 et
950 2662 1138 2749 religionem
1148 2661 1305 2727 Christia-

274 2797 347 2840 nam
379 2775 634 2856 necessitudine,
648 2773 674 2862 ⁴)
711 2798 810 2862 quam
829 2789 905 2840 sunt
934 2778 993 2863 qui
1022 2776 1210 2863 scriptorem
1239 2799 1304 2842 nou

274 2901 398 2956 tautum
430 2891 560 2976 ingenio
595 2891 797 2976 complexum
824 2891 940 2970 luisse,
972 2890 1051 2971 sed,
1087 2890 1177 2978 quod
1203 2890 1302 2976 paulo

274 3004 458 3084 difficilius,
484 3006 546 3068 vita
567 3005 663 3070 etiam
683 3007 874 3091 expressisse
890 3006 1009 3074 dicant.

318 3121 358 3184 Et
378 3119 459 3184 haec
476 3119 608 3206 quidem
626 3119 785 3184 Heusdius
803 3119 980 3186 indefessae
993 3120 1188 3201 industriae,
1213 3139 1302 3206 egre·

273 3236 397 3322 giarum
416 3235 537 3322 ingenii
559 3234 749 3300 facultatum
777 3237 959 3322 summique
990 3235 1024 3300 io
1050 3234 1236 3320 disciplinas
1263 3257 1302 3300 ac

271 3349 502 3415 humanitatem
553 3353 668 3414 amoris
696 3349 902 3414 documenta
943 3350 1121 3436 posteritati
1157 3349 1301 3436 reliquit.

271 3462 411 3530 Scholoe
437 3461 631 3529 Socraticae
655 3464 791 3551 Epilogo
811 3486 864 3545 se,
883 3475 1119 3545 senescentem,
1139 3464 1302 3530 scrihebat
1339 3553 1343 3558 .
1436 3526 1437 3531 ,

278 3653 474 3664 ...-.----

306 3776 332 3844 1)
349 3779 446 3828 socrat.
464 3777 557 3829 School
573 3776 622 3838 lV,
642 3773 699 3826 146.

305 3863 331 3928 2)
349 3865 377 3912 Ρ.
396 3862 461 3928 156,
481 3861 540 3912 158.

305 3947 455 4014 3)1³.133.

306 4035 332 4100 l)
350 4037 376 4087 1³.
395 4034 454 4087 160.
480 4037 557 4085 Juvat
569 4035 613 4084 hle
633 4049 791 4097 memorare,
807 4049 873 4098 quoe
889 4035 922 4082 sle
934 4034 1113 4099 philosophiae
1131 4037 1256 4098 autiquae
1274 4041 1303 4085 et

272 4123 412 4186 roligionis
435 4122 601 4170 Christianos
623 4121 770 4170 discrimine
791 4120 873 4172 Schol.
896 4122 965 4171 Socr.
992 4121 1048 4170 Vol.
1067 4122 1092 4169 ll
1109 4122 1204 4170 monita
1220 4127 1299 4183 sunt,

271 4207 348 4268 digna
377 4208 428 4255 visa
455 4224 526 4271 esse,
553 4223 636 4272 quae,
662 4209 811 4258 Germanice
835 4223 850 4257 a
873 4214 988 4257 normate
1013 4209 1038 4256 Ι..
1064 4209 1088 4257 J.
1111 4209 1137 4256 F.
1155 4209 1300 4256 lansseu

270 4309 358 4357 versa,
375 4292 549 4342 insererentur
564 4293 644 4344 diario
655 4295 742 4345 Tlteet.
760 4295 833 4348 seed.
851 4311 876 4344 u.
892 4296 963 4344 Krit.
983 4293 1066 4358 1837,
1078 4311 1103 4358 p.
1114 4292 1175 4343 379
1200 4293 1263 4342 ⁴12.

1414 4632 1434 4723 '¹

1423 4952 1433 5033 l
