2875 5075
761 508 806 573 (il

274 684 411 749 alumnis
433 682 700 760 communicetur,
725 682 761 745 in
777 681 891 768 primis
904 702 924 745 a
940 678 1075 747 doctore
1090 679 1303 761 Academico,

274 799 367 883 cujus
381 799 414 862 in
433 796 633 883 disciplinam
654 794 789 878 juvenes
809 794 892 861 tradi
917 806 1062 883 oportet,
1095 795 1166 881 ipso
1192 796 1305 861 aetatu
1376 835 1379 839 -

275 912 374 993 flore,
398 911 574 976 liberaliter
591 908 743 975 educatos
761 921 795 975 et
810 910 994 990 institutes,
1029 909 1190 997 principes
1213 911 1303 975 futu·

274 1050 324 1092 ros
343 1028 376 1091 in
395 1027 522 1093 civitate
542 1026 643 1090 viroel
862 1025 881 1031 “

285 1199 290 1207 .
318 1143 415 1207 Initio
427 1140 584 1205 Heusdius
603 1139 761 1226 pleraque
779 1138 934 1205 dictando
954 1140 1153 1227 exponebat,
1169 1160 1230 1203 nec
1244 1138 1304 1202 sibi

272 1257 306 1320 in
326 1256 494 1341 perspicue
514 1266 613 1341 atque
631 1255 743 1319 Latine
760 1252 917 1341 loquendi
926 1255 1083 1324 facultate
1104 1254 1210 1319 statim
1227 1274 1306 1318 con·

272 1370 374 1435 fidens
405 1381 439 1434 et
459 1381 582 1447 motus,
613 1367 744 1455 siquid
763 1367 874 1449 rideo,
904 1368 1149 1457 Wyttenbacbii
1168 1369 1212 1432 in*
1229 1370 1308 1433 vito

274 1484 528 1551 Ruhnkeniono
536 1482 765 1570 disputatione.
777 1481 802 1572 ¹)
817 1483 879 1549 Illo
897 1495 1006 1549 autem
1018 1496 1163 1570 tempore
1179 1482 1306 1548 dictan-

276 1598 310 1663 di
346 1597 566 1679 consuetudo,
605 1596 698 1681 cujus
738 1597 920 1663 laudatores
956 1597 1053 1663 bodie
1092 1597 1174 1678 rari,
1225 1596 1308 1663 adeo
1380 1658 1384 1663 .

275 1712 431 1792 florebat,
463 1723 501 1777 ut
526 1736 631 1777 neom
652 1710 815 1787 Professor
844 1736 882 1779 ea
900 1712 1057 1779 mittenda
1076 1711 1247 1800 permultis
1266 1734 1308 1777 ne

276 1838 402 1915 gratum
430 1826 563 1915 quidem
589 1828 734 1892 factunm
752 1828 876 1896 luisset.
920 1828 1070 1895 Attamen
1100 1848 1165 1892 non
1191 1827 1218 1890 is
1240 1836 1309 1891 erat

276 1941 455 2021 Heusdius,
489 1963 587 2029 quem
614 1940 791 2007 scribentes
819 1954 978 2029 perpetuo
1005 1940 1157 2029 discipuli
1172 1939 1231 2005 diu
1249 1939 1309 2005 de·

274 2057 439 2123 lectarent.
484 2056 540 2120 llis
570 2057 600 2120 ei
623 2055 791 2121 machinae
809 2058 845 2121 in
862 2068 1002 2121 mentem
1017 2056 1210 2133 veniebant,
1242 2076 1309 2120 uon

277 2172 345 2257 agri
366 2171 406 2236 ad
418 2192 525 2236 semen
537 2169 764 2256 excipiendum
775 2172 835 2236 rite
843 2171 980 2238 subacti.
1003 2173 1119 2259 ltaque
1130 2168 1311 2235 carendum

275 2284 461 2369 judicabat,
497 2306 537 2349 ne
565 2286 600 2348 iu
626 2306 750 2349 summo
783 2284 1044 2373 disquisitionum
1075 2286 1246 2373 perspicue
1275 2296 1310 2349 et

277 2422 359 2487 pure
390 2398 694 2465 conscribendarum
733 2399 839 2465 studio
874 2400 955 2465 nibil
985 2412 1156 2487 praeterea
1175 2401 1210 2464 in
1238 2401 1309 2486 ipso

277 2514 388 2581 schola
419 2514 564 2602 prolerre
593 2513 749 2598 auderet3
775 2527 826 2597 et,
852 2538 893 2581 ne
914 2516 1036 2582 arctius
1056 2537 1090 2580 se
1107 2516 1228 2603 scripto
1246 2512 1310 2579 ad·

278 2631 467 2717 stringeret,
513 2639 658 2694 veterum
675 2663 678 2670 ·
696 2630 871 2696 adhibebat
907 2631 1226 2718 interpretationem
1274 2630 1310 2693 in

279 2765 342 2831 qua
368 2765 469 2831 quum
508 2744 673 2832 discipulis
703 2767 779 2811 suae
808 2747 961 2812 continuo
987 2757 1092 2834 partes
1127 2745 1311 2811 tribueren-

280 2869 352 2940 tur,
374 2881 469 2944 saepe
494 2860 624 2947 egregia
650 2855 762 2926 aderat
789 2860 987 2941 illustrandi,
1020 2859 1224 2948 corrigendi,
1252 2859 1311 2925 ad-

280 2971 416 3037 dendire
447 2975 686 3060 opportunitas,
724 2975 914 3063 priusquam
947 2975 1235 3042 animadversiones
1269 2974 1312 3040 ad

280 3089 352 3153 loca
370 3086 550 3154 difficiliora
570 3087 786 3158 dictabantur.
816 3090 1019 3173 Accedebat,
1051 3114 1117 3180 qua
1138 3115 1156 3156 a
1181 3091 1314 3179 scriptis

281 3202 386 3268 verbis
398 3203 525 3269 facilius
541 3202 757 3270 abduceretur
769 3255 778 3285 ‚
790 3205 927 3272 aliorum
942 3206 1124 3273 scholarum
1143 3206 1310 3293 repetitio,

250 3303 252 3306 ⁵
282 3339 412 3405 quaque
438 3318 636 3385 hebdomade
658 3320 782 3386 institui
802 3322 917 3402 solita,
941 3343 1067 3408 semper
1089 3345 1127 3388 ex
1154 3321 1312 3386 alumno-

220 3524 223 3529 ·
282 3455 354 3498 rum
381 3434 636 3518 responsionibus
664 3418 730 3499 nob
758 3435 839 3501 nibil
864 3437 989 3503 subitae
1011 3435 1237 3523 disputationis
1252 3457 1313 3521 pa-

283 3547 377 3612 riens.
410 3546 459 3611 Ad
479 3545 560 3612 bano
585 3529 693 3612 autem
720 3549 879 3616 Heusdius
909 3552 970 3616 sibi
1003 3573 1069 3616 uon
1092 3561 1219 3637 poterat
1246 3571 1312 3614 non

282 3670 375 3745 aptus
390 3658 514 3724 ‘viderit
539 3683 576 3725 ea
592 3673 678 3744 erat,
689 3664 764 3751 ipso
790 3665 891 3730 libere
910 3667 1064 3754 loquente
1082 3685 1323 3752 sermonesque¹

284 3794 359 3838 cum
371 3773 569 3840 auditoribus
581 3777 942 3859 miscente‚animorum
952 3781 1157 3862 attentio‚ita
1168 3779 1313 3848 omnium

172 3929 180 3943 ·
285 3910 340 3954 ora
359 3900 391 3953 et
412 3889 499 3955 oculi
525 3890 556 3954 iu
575 3906 818 3980 praeceptorem
837 3896 992 3964 conversi.
1024 3895 1108 3962 Hinc
1134 3896 1191 3961 ille
1220 3895 1311 3982 plus-

283 4111 484 4124 ——..-.—-

320 4247 346 4313 l)
363 4249 448 4313 wyte.
467 4252 559 4318 Opuec.
572 4257 592 4304 l.
609 4254 668 4306 590.
