2875 5075
618 568 682 629 247

136 742 229 809 Vitae
251 740 309 803 tibi
331 739 519 803 felicitatem
537 750 670 825 exopto,
693 739 740 802 fili
756 741 932 819 carissime3
949 741 1165 827 felicitatem

134 866 244 919 autem
275 876 340 918 non
370 855 537 940 vulgarem
565 853 658 932 dico,
690 875 776 939 quae
803 855 937 940 opibus,
973 855 1163 937 honoribus,

134 970 220 1033 famia
249 967 509 1046 commendatum
543 967 633 1039 illam
658 967 716 1032 tibi
743 990 877 1052 precor,
908 991 1006 1054 quam
1028 972 1166 1056 optimus

137 1083 274 1169 quisque
302 1083 439 1146 maxime
462 1082 606 1168 appetit,
631 1103 716 1168 quae
740 1082 898 1161 moribus,
923 1105 1008 1170 quae
1027 1085 1147 1149 virtute

137 1208 221 1283 quae
240 1197 358 1281 pietate
381 1197 505 1261 nititur.
540 1196 627 1261 Haeo
658 1197 743 1259 vitae
773 1196 910 1261 felicitas
941 1218 1031 1276 vera,
1061 1221 1127 1285 qua

137 1311 196 1390 eit,
221 1331 384 1397 quemque
411 1310 527 1375 habeat
549 1310 713 1388 fructum,
738 1322 771 1375 te
796 1332 860 1373 non
885 1310 975 1375 latet.
1011 1310 1104 1375 llliue

137 1426 220 1489 vitae
250 1445 371 1508 nuper,
400 1445 475 1488 cum
507 1424 769 1510 Diequisitionem
796 1423 874 1488 mihi
903 1435 991 1489 tuam
1019 1424 1166 1505 dicares,

137 1540 333 1605 mentionem
350 1538 473 1617 fecisti,
491 1560 576 1624 quae
594 1538 661 1602 sola
680 1538 824 1618 vitalis,
847 1539 913 1602 oola
936 1540 1013 1603 cito
1031 1538 1168 1605 dicenda

137 1664 227 1717 esset.
260 1654 436 1738 iungamus
462 1651 673 1732 dextras,⁴mi
697 1650 762 1716 fili:
777 1630 849 1717 ¹linc
866 1664 903 1717 tu
921 1654 1001 1734 nita,
1025 1655 1166 1739 propitio

137 1767 224 1846 Deo,
248 1768 356 1847 fruere
384 1768 589 1851 perpetuet»
605 1763 631 1853 ¹)
657 1800 697 1813 -
717 1767 823 1844 llinc,
849 1767 955 1852 qualis
982 1768 1051 1851 ipee
1075 1780 1167 1853 pater

137 1881 252 1959 fuerit,
277 1880 395 1945 clarius
421 1900 518 1967 quam
540 1903 578 1945 ex
599 1880 736 1945 aliorum
754 1882 858 1946 verbis
876 1892 971 1965 patet
987 1883 1070 1945 lliei
1084 1867 1167 1946 forte
1204 1893 1210 1903 '

138 2016 175 2059 ea
205 1994 402 2079 excipienda,
426 1995 522 2059 uerba
557 1995 695 2074 censes,
718 2016 802 2081 qnae
831 1996 1000 2059 excellenti
1027 1994 1167 2061 liliorum

137 2109 291 2174 debemus
328 2130 405 2196 erga
429 2110 587 2195 optimum
614 2111 722 2174 virum
745 2110 872 2194 pietati,
905 2109 1024 2194 quibua
1054 2108 1167 2173 dubito

136 2246 215 2289 num
235 2225 374 2311 gratiora
394 2226 561 2311 magisque
573 2223 613 2289 ad
624 2225 882 2311 persuadendum
900 2224 1015 2289 idonea
1031 2226 1168 2310 preferri

136 2362 154 2404 a
176 2340 285 2404 liberis
311 2338 379 2403 ulla
396 2341 528 2424 possint.
542 2337 567 2426 ²)

181 2454 249 2518 Illis
267 2464 376 2517 autem
403 2452 495 2517 bonis
514 2453 653 2541 publicis
672 2463 772 2539 atque
793 2418 922 2539 privatio
940 2452 1098 2517 Henedius
1116 2474 1165 2515 ee·
1258 2517 1261 2525 ,
1291 2450 1294 2457 ’

137 2591 215 2632 reno
239 2580 395 2655 gratoque
417 2589 493 2654 erga
522 2568 667 2632 Divinam
691 2564 926 2631 Providentiam
950 2569 1060 2632 animo
1079 2569 1167 2630 fruc·
1234 2629 1239 2638 ,
1338 2557 1343 2568 '

137 2684 243 2749 batur.
277 2685 314 2747 In
344 2684 440 2748 rebus
460 2681 608 2746 secundis
632 2703 696 2746 non
724 2682 905 2746 exsultabat
936 2683 1067 2768 plurave
1092 2703 1169 2765 per-

137 2795 237 2883 petuo
256 2795 516 2882 appetebatz'eed
534 2816 617 2882 quae
636 2795 772 2861 fruenda
789 2795 968 2875 dabantur,
985 2795 1035 2860 hie
1049 2817 1167 2880 reapse

137 2913 194 2996 uti,
213 2933 314 2998 eaque
342 2910 383 2976 ad
402 2911 492 2976 suam
510 2921 541 2974 et
567 2911 704 2974 aliorum
727 2911 897 2975 utilitatem
919 2908 1065 2976 conferre
1083 2910 1168 2974 eole-

137 3026 212 3106 bat,
235 3025 268 3089 id
294 3027 390 3090 etiam
410 3026 541 3089 effatum
558 3036 684 3089 tenens:
714 3028 884 3110 optimam
902 3025 1013 3088 ebetat
1036 3023 1124 3088 hono.
1137 3020 1163 3108 ³)

121 3141 175 3242 ³ln
207 3140 302 3205 rebus
331 3138 489 3217 adversis,
518 3159 602 3223 quae
633 3139 663 3201 ei
690 3140 856 3224 pauciores
884 3137 1016 3224 quidem
1043 3136 1099 3200 eed
1132 3139 1167 3200 in

137 3254 299 3340 paucitate
319 3273 430 3340 graves
450 3251 658 3332 acciderunt,
670 3274 710 3315 ne
728 3262 905 3338 prostratae
920 3251 1060 3335 jaceret,
1079 3273 1167 3316 mene
1219 3318 1223 3324 ,

157 3415 338 3437 ..α-...Ἀψ-

171 3521 198 3588 1)
218 3525 275 3573 via.
296 3525 387 3572 Oratio
412 3523 443 3572 de
464 3523 583 3571 natarali
604 3524 701 3570 artiarn
724 3528 751 3569 et
776 3519 951 3570 doctrinarum
976 3522 1167 3588 conjunctione,

138 3613 232 3659 olenio
249 3609 410 3658 celebrandis
427 3609 508 3658 Acod.
531 3603 797 3676 Blaene-Trojectiue
812 3607 1014 3667 Saecularibus,
1033 3607 1124 3655 inlita
1142 3609 1166 3656 d.

137 3695 172 3748 1³
183 3713 215 3744 nt.
228 3697 307 3745 Ionii
320 3712 346 3744 o.
362 3693 442 3744 18³6:
461 3695 753 3760 acceditPratreptieaa
770 3694 805 3742 ad
812 3694 906 3755 filiam
917 3694 1086 3758 promotionis
1101 3709 1169 3742 neore

137 3783 261 3851 majoram
277 3783 462 3846 opportunitate
469 3800 479 3839 ,·
499 3786 603 3830 auctore
623 3781 668 3829 Ph.
687 3781 715 3828 G.
735 3781 789 3828 Van
804 3779 920 3842 lleuede,
939 3795 964 3842 p.
983 3763 1025 3827 3'7.

172 3867 198 3916 2l
216 3867 290 3916 vidd.
309 3867 331 3916 l.
350 3869 379 3917 t.
395 3867 420 3916 C.
441 3869 494 3916 Van
514 3867 629 3928 fleueele,
648 3867 675 3914 ln
701 3867 786 3930 Epiri.
809 3865 846 3914 ad
860 3871 975 3930 patrern,
994 3863 1167 3927 llinquieitioni

137 3954 170 4002 de
197 3955 317 4002 Cicerone
341 3952 518 4017 potentinum,
545 3952 696 4016 praemiare,
722 3959 776 4000 tam
806 3965 865 4000 vero
888 3951 916 3999 in
939 3951 1027 4010 Praes.
1052 3949 1094 3997 etl.
1116 3965 1168 3999 ecc.

138 4040 248 4088 Salaciae
263 4039 361 4087 Sacrat.
381 4055 406 4102 p.
426 4039 485 4086 llIII
504 4042 532 4085 et
550 4038 613 4088 A.C
638 4039 691 4086 Van
712 4033 827 4100 lleunde,
841 4036 869 4083 in
891 4036 977 4100 Epist.
994 4033 1167 4096 adsrotrorn,
1226 4068 1228 4072 .

138 4123 265 4173 llialrilrae
284 4125 418 4188 praemineo
435 4125 461 4172 in
480 4125 561 4171 locam
583 4123 614 4172 de
640 4123 817 4172 Corteolatione
836 4122 904 4170 etin
924 4120 1011 4181 Praas.
1038 4120 1166 4184 lliequieit

138 4210 399 4274 hicterico-juridieee
418 4210 449 4258 de
467 4209 523 4275 lego
539 4211 656 4258 Poetelio
671 4210 790 4272 Papiria.
809 4209 874 4272 Traj.
892 4205 968 4256 tata.

173 4293 199 4359 3)
219 4298 265 4345 ur.
290 4309 348 4344 coer
365 4297 399 4344 ll.
422 4295 485 4344 ono.
505 4312 529 4360 p.
550 4293 609 4344 180.
