2875 5075
789 528 852 589 154

302 697 386 761 haud
405 696 596 763 discederes.
631 698 778 778 Quantus
803 700 837 761 iu
860 698 923 763 hoe
945 699 1012 763 siro
1042 700 1188 784 gravitati
1213 700 1333 763 mixtus

296 812 448 894 juvenilis
478 812 568 896 rigor
596 822 694 897 atque
723 811 884 877 hilaritas:
907 834 1005 899 quam
1031 834 1107 877 sana
1134 834 1245 891 mens,
1281 835 1332 877 sa-

301 926 421 1011 pientia
439 926 640 991 saeculorum
660 936 766 1011 pasta,
787 928 875 991 lente
891 927 1044 991 festinare
1062 926 1194 1007 edocta,
1211 928 1333 993 honum

301 1042 500 1126 ubicumque
518 1062 716 1127 agnoscens,
729 1035 851 1106 nullom
869 1042 1029 1107 somnians
1046 1042 1080 1105 in
1100 1041 1198 1105 rebus
1217 1041 1333 1105 huma·

302 1158 350 1221 nis
372 1156 623 1241 perfectionem,
646 1177 710 1221 noo
738 1166 801 1221 tam
822 1166 860 1221 ut
884 1156 986 1241 prosit
1015 1156 1141 1233 causis,
1173 1178 1275 1243 quam
1293 1166 1331 1219 ut

303 1294 343 1337 oe
360 1270 439 1357 quid
458 1270 541 1335 obsit
556 1268 741 1349 elaborans,
764 1292 814 1335 res
838 1292 902 1335 noo
920 1269 962 1334 ad
981 1263 1147 1335 vetustatis
1166 1282 1224 1335 aut
1246 1272 1334 1335 nori·

170 1426 175 1437 ·
302 1386 396 1463 tatis,
420 1384 475 1449 sed
494 1383 535 1449 ad
553 1383 705 1449 bonitatis
726 1405 870 1449 normam
890 1384 1037 1469 erigens:
1063 1394 1100 1447 ut
1124 1383 1195 1466 ejus
1221 1396 1334 1449 tenent

300 1511 398 1567 acuto
420 1499 587 1577 dicta,.sc
609 1498 780 1584 singularis
798 1498 907 1584 placet
926 1499 961 1563 iu
982 1499 1180 1588 argumentis
1198 1498 1334 1583 quibus·

301 1614 375 1681 darn
404 1615 558 1679 brevitas:
590 1614 689 1679 veluti
716 1613 758 1677 de
783 1612 937 1699 gradibus
963 1612 1236 1677 «illude-ait*
1249 1615 1336 1677 sinr-

300 1730 464 1815 plr‘er'tor,
487 1751 564 1793 cum
582 1728 682 1793 laude
701 1739 735 1792 et
756 1726 916 1814 quidquid
937 1739 1101 1812 praeterea
1114 1728 1253 1792 nominis
1268 1738 1335 1805 est,

302 1842 524 1929 abrogandum
552 1842 629 1907 mihi
663 1842 808 1921 videtur,
840 1842 984 1907 scholam
1014 1841 1154 1921 redolet,
1184 1840 1334 1906 studiosis

266 1988 269 1990 ·
300 1959 415 2023 saltem
438 1980 500 2021 non
520 1958 670 2021 convenit
689 1959 899 2043 omrriumque
923 1957 1055 2021 minime
1080 1957 1140 2035 iis,
1163 1957 1221 2042 qui
1240 1978 1335 2020 mor·

303 2095 375 2137 soor
398 2074 432 2135 in
463 2094 520 2136 sua
551 2070 721 2157 disciplina
753 2072 894 2135 locoru
929 2070 1096 2135 eomecnti
1122 2070 1260 2156 summ)
1293 2106 1333 2117 -

302 2187 383 2253 rsilril
408 2186 546 2272 amplius
575 2184 616 2251 de
641 2187 769 2271 ineptiis
797 2185 906 2263 hisce,
929 2185 1049 2270 quibus
1071 2183 1180 2249 adhuc
1204 2183 1335 2248 labora·

302 2320 392 2365 mus:
427 2320 525 2385 quam
554 2322 655 2385 ,porro
683 2301 799 2385 plenus
830 2298 887 2364 ille
915 2298 1063 2365 candoris
1095 2310 1162 2375 est,
1196 2299 1334 2363 beroem

303 2415 440 2493 lectiae,
453 2414 722 2499 patriseamoris,
740 2416 901 2494 veritatis,
920 2405 1064 2499 pietatis:
1084 2424 1226 2499 quanto,
1247 2424 1334 2497 post·
1417 2476 1421 2483 .

302 2528 419 2596 habitis
447 2531 618 2616 impensis,
641 2531 740 2596 totius
769 2528 905 2594 hominis
932 2541 1006 2615 apto
1029 2528 1196 2594 excolendi
1228 2526 1334 2594 studio

304 2645 433 2732 flagrat:
467 2647 614 2723 omnino,
648 2657 683 2710 ut
714 2645 805 2712 Pauli
835 2644 929 2710 effato
956 2644 1062 2710 dcam
1093 2643 1182 2731 quod
1211 2644 1333 2720 sentio,

303 2757 447 2824 Christus
463 2760 497 2822 io
514 2759 576 2824 hoo
589 2760 656 2823 siro
672 2745 869 2842 ἕμορφώθη.
901 2758 987 2840 Quid
1004 2760 1140 2836 mirum,
1158 2756 1336 2830 lleurdium

303 2873 476 2959 aliquando
509 2873 694 2957 scripsisse?
746 2873 876 2939 «sonex
897 2875 932 2938 iu
962 2873 1104 2959 epistolis
1130 2895 1239 2938 meum
1265 2882 1336 2936 crat

302 2975 548 3072 nupsidssypom
573 2985 697 3052 addidit
713 2999 837 3066 autem,
857 2989 977 3074 quibus
998 2989 1097 3074 ipsius
1115 2989 1220 3073 ignari
1237 2985 1337 3050 intol-

303 3099 423 3186 ligaut,
454 3103 629 3187 imaginem
653 3123 717 3166 non
740 3102 869 3168 omniuo
896 3101 1021 3182 lictum,
1050 3101 1107 3167 sed
1131 3081 1336 3186 aliquatenus

302 3227 419 3280 enoto
443 3217 504 3301 ipsi
534 3216 680 3302 exemplo
704 3215 836 3282 ductam
857 3237 944 3282 esse:
970 3217 1031 3280 rin
1052 3215 1161 3280 multis
1191 3215 1249 3280 ille
1271 3214 1335 3278 mei

302 3330 414 3396 similis
435 3341 482 3394 est
502 3332 639 3414 patris.»
700 3415 705 3422 .

347 3443 557 3527 Perspicuum
577 3425 643 3523 est,
668 3445 757 3510 hunc
775 3444 913 3524 librum,
934 3445 1057 3510 etiamsi
1078 3455 1261 3528 temporum
1277 3465 1336 3527 op·

303 3558 500 3640 portunitato
520 3569 665 3642 partum,
690 3581 753 3623 non
784 3571 911 3639 tamen,
932 3558 982 3624 his
1010 3559 1166 3639 mutatis,
1181 3557 1336 3622 oblivioni

303 3669 446 3735 mandari
474 3672 625 3756 potuisse.
671 3675 843 3758 Tempora,
880 3674 1001 3760 quihus
1030 3673 1150 3759 prodiit
1177 3673 1256 3751 ille,
1289 3673 1337 3737 sic

302 3795 482 3870 comparata
507 3798 616 3866 eraot,
649 3799 685 3852 ut
713 3787 849 3852 dubium
877 3788 1133 3875 relinqueretur,
1163 3809 1205 3856 an
1228 3789 1337 3871 impu·

300 3899 501 3968 deotissimos
521 3901 677 3967 clamores
697 3922 900 3987 repressores
917 3903 1078 3968 bonorum
1096 3903 1216 3969 cisium
1242 3923 1336 3968 voces

303 4119 326 4126 -ι
333 4121 501 4133 ᾐ--α

337 4263 362 4328 1)
381 4267 406 4314 Ρ;
427 4265 485 4315 185.
