2875 5075
628 504 664 565 3¹

10 676 12 699 ³
130 690 211 733 reno
245 656 398 737 miremur
419 663 603 757 φιλοκάλῳ,
637 673 730 757 cujus
753 698 815 741 oon
843 686 967 742 tantum
997 676 1164 763 ingenium

10 794 11 819 ³
130 786 360 851 venustissimis
380 788 663 873 veterumsoriptis
679 790 862 869 excultum,
887 789 942 854 sod
959 791 1074 857 oculus
1085 792 1164 859 item

10 898 14 909 '
129 897 171 963 ad
202 898 330 965 ridendi
355 922 493 967 acumen
518 903 711 971 exercitatus
737 904 864 987 pictura
882 904 995 969 lineari
1015 917 1094 974 erat.
1125 908 1165 972 lo

54 1044 57 1064 ι
130 1014 193 1078 hae
223 1016 307 1079 enirn
335 1026 403 1079 arte
422 1036 502 1101 puer
526 1028 559 1081 et
575 1015 760 1083 adolescens
779 1017 955 1103 plurimum
972 1040 1088 1105 operae
1104 1042 1165 1106 po-

127 1140 240 1193 suerat
269 1150 389 1215 eoaque
420 1130 560 1197 habebat
580 1152 786 1217 progressus,
819 1153 958 1218 quorum
982 1135 1162 1201 ubertatem

129 1241 326 1307 cultissimus
341 1244 481 1331 quisquo
500 1267 558 1330 per
579 1247 1012 1332 totamsitamexpsriatn13
1036 1261 1087 1328 et,
1110 1250 1163 1315 rel

10 1390 12 1419 r
128 1356 225 1421 fallor
241 1357 408 1444 equidem,
432 1360 484 1425 vel
505 1381 542 1425 ex
562 1358 623 1425 hac
643 1360 838 1445 experientia
856 1372 967 1446 aptum
991 1374 1024 1427 et
1046 1384 1163 1433 nexum

10 1474 11 1479 ’
128 1482 200 1535 erat
226 1472 361 1537 Heusdii
388 1495 495 1539 eoram
521 1473 732 1539 familiaribus
762 1474 911 1556 allatum,
945 1476 1006 1542 sibi
1036 1499 1162 1563 semper

10 1604 12 1651 t
64 1581 66 1587 ’
98 1611 100 1619 ’
126 1608 204 1671 prae
231 1588 346 1651 ceteris
375 1587 487 1653 diebus
515 1600 677 1674 exoptatos
705 1608 774 1653 esse
801 1590 954 1656 Mercurii
974 1602 1007 1657 et
1031 1591 1162 1657 Saturni

10 1706 12 1721 ¹
127 1700 217 1781 dies,
235 1703 358 1789 quippe
377 1704 433 1789 qui
453 1704 627 1771 dulcissimi
642 1704 813 1789 temporis,
831 1706 977 1790 picturae
993 1704 1163 1793 addiscen-

126 1815 187 1880 dae
204 1816 377 1898 dostinati,
400 1820 586 1885 memoriam
608 1831 808 1886 renovarent.
833 1821 955 1889 Verum
971 1820 1047 1885 bino
1062 1821 1161 1887 intel·

10 1906 12 1979 ἶ
127 1930 242 2017 ligitur
271 1933 387 2013 etiarn,
426 1955 492 2020 quo
522 1934 662 1999 valuerit
685 1934 742 1999 illa
770 1935 958 2014 admiratio,
998 1936 1160 2020 peperisse

125 2066 195 2109 eam
212 2044 292 2109 nihil
310 2046 398 2126 leve,
417 2048 482 2113 cito
501 2068 709 2127 evanescens,
725 2060 837 2115 eontra
860 2049 923 2113 rim
942 2050 1105 2137 peperisse
1118 2047 1160 2115 ad

16 2236 19 2243 ¹
124 2159 233 2245 pulcri
250 2180 377 2227 sensum
396 2163 498 2249 magis
514 2164 680 2249 magisque
701 2162 926 2248 explioandum
940 2184 1158 2249 permagnam.

10 2340 11 2349 ,
41 2328 44 2356 2
126 2273 223 2355 Quod
251 2296 289 2343 eo
310 2274 461 2341 fidentius
478 2277 622 2356 offirmo,
646 2278 724 2364 quia
741 2276 826 2343 dicta
844 2300 909 2343 oon
928 2284 993 2343 unt
1011 2279 1158 2343 nituntur

10 2390 11 2393 ’
125 2388 294 2455 literarum
314 2389 378 2455 lide
392 2391 425 2455 in
441 2392 519 2476 ipsis
541 2412 642 2476 prope
662 2392 828 2477 spectandi
851 2404 883 2459 et
900 2390 1054 2459 audiendi
1073 2391 1159 2456 deli·-

10 2579 11 2588 2
123 2503 181 2568 elis
199 2514 421 2584 exaratorum,
445 2504 500 2571 sed
514 2506 553 2570 iis
571 2506 783 2584 conveniunt,
807 2526 891 2590 quae
909 2504 1158 2571 Heusdiusmul·

10 2629 11 2634 ’
123 2618 163 2687 tis
188 2617 279 2681 annis
307 2628 381 2702 post
407 2638 536 2682 narrare
563 2617 696 2684 solebat.
739 2619 818 2685 llam
851 2639 943 2704 saepe
966 2618 1012 2684 ‚de
1043 2619 1159 2687 itinere

103 2731 267 2817 ¹Parisino
295 2731 514 2816 loquebatur:
543 2731 606 2796 boo
629 2733 752 2816 pectori
780 2731 913 2798 infixum
941 2746 1027 2800 erat:
1059 2735 1158 2819 hujus

122 2843 322 2913 instaurandi
344 2845 514 2909 eonsilium
531 2845 651 2928 abjecit
673 2866 871 2932 numquam:
895 2849 1091 2930 amicorum,
1114 2852 1157 2918 ab

123 2958 237 3024 eodem
264 2957 465 3038 recentium,
500 2958 693 3025 salutatione
719 2983 817 3047 quam
845 2960 1086 3029 delectabatur!
1119 2977 1156 3030 ut

20 3081 22 3091 '
123 3075 276 3138 continuo
301 3075 456 3140 sciscitari
481 3073 522 3139 do
537 3075 635 3139 nullis
656 3096 718 3140 non
739 3075 835 3139 rebus
853 3087 886 3140 et
904 3077 1023 3143 elicere
1035 3078 1156 3163 jncun-

122 3187 195 3254 dam
225 3189 463 3268 narrationem,
496 3183 533 3253 ut
562 3211 580 3254 e
605 3188 680 3254 filiis
699 3189 919 3274 potissimum,
943 3191 1155 3277 quadriennio

122 3301 239 3372 abhinc
253 3302 396 3368 Lutetiae
411 3304 631 3381 commentis,
656 3303 899 3389 diligentissima
915 3305 1043 3390 singula
1057 3327 1156 3391 qnae-

122 3437 193 3483 rere
211 3428 244 3481 et
265 3415 373 3482 audita
390 3437 466 3482 oum
484 3418 523 3482 iis
549 3417 694 3482 conferre
715 3417 865 3497 ornabat,
889 3439 974 3504 qnae
989 3419 1058 3504 ipse
1077 3418 1154 3484 olim

121 3532 337 3617 spectaverat!
361 3531 435 3613 Quo
450 3532 555 3610 facto,
584 3529 811 3596 «redeundum
833 3569 868 3583 -
886 3532 992 3617 ajebat
1007 3555 1102 3620 saepe
1118 3571 1155 3586 ·-

120 3645 199 3712 mihi
230 3646 385 3712 Lutetiam
404 3657 471 3726 est,
503 3666 632 3730 prorsus
652 3657 808 3710 mutatam
828 3647 981 3714 abillo.»
1005 3649 1154 3713 Attamen

121 3781 184 3825 non
214 3759 333 3839 rediit,
366 3770 434 3824 tum
462 3757 532 3826 aliis
558 3757 598 3823 de
630 3761 733 3824 causis
761 3771 831 3824 tum
848 3759 932 3840 hac,
961 3772 998 3826 ot
1016 3763 1153 3847 opinor,

54 3922 58 3929 «
120 3876 311 3961 praecipua,
335 3874 440 3960 quod,
464 3874 589 3960 quoties
605 3884 714 3959 postea
735 3874 932 3960 peregrinari
951 3874 1152 3955 decreverat,

120 3991 213 4055 toties
233 4001 364 4054 naturae
383 3988 555 4054 amoenitas
572 3999 604 4052 et
618 3989 664 4054 ris
691 3989 804 4053 eximia
822 3988 863 4053 ad
886 3989 1020 4054 liberam
1038 3991 1153 4055 mentis

120 4105 326 4194 agitationem
363 4102 612 4192 promovendam
640 4103 861 4169 vehementius
886 4103 1010 4189 ipsum,
1056 4125 1152 4190 qnam

121 4239 308 4304 magnarum
327 4219 458 4284 urbium
480 4217 651 4302 splendor,
673 4217 793 4283 allexit.
