2875 5075
637 526 674 587 17

16 696 17 715 ³
135 694 172 757 ln
195 692 312 760 scholis
334 694 422 760 hisce
446 696 594 763 omnihus
615 698 776 763 Heusdius
794 698 1007 788 respondendi
1029 723 1068 766 ao
1087 704 1166 767 scri·

16 836 17 839 ¹
135 807 231 872 bendi
259 822 365 895 partes
398 822 528 876 strenue
558 811 685 898 agebat.
734 812 829 895 Quod
854 826 1095 900 praeceptorem
1128 838 1167 881 eo

136 924 275 987 celerius
300 926 497 1011 perspexisse
529 924 645 1005 credo,
680 947 747 1012 quo
769 927 865 991 citius
891 926 1087 1015 discipulum
1110 952 1166 995 ac·
1196 937 1203 948 '

44 1018 45 1021 Ἴ
135 1040 208 1123 cepi
237 1038 534 1125 condiscipulorum
560 1040 669 1107 oculos
694 1042 729 1104 in
756 1062 790 1104 se
815 1044 1019 1110 convertisse.
1054 1046 1167 1125 lirant,

134 1153 190 1238 qui
209 1152 418 1239 peregrinum
432 1152 606 1237 juvenem,
632 1154 777 1219 discendi
798 1153 912 1219 ardore
933 1159 1164 1243 conspicuum,

133 1266 165 1331 id
184 1279 231 1332 est
248 1288 285 1331 ea
304 1264 402 1331 laude
420 1268 645 1353 spectabilem,
670 1268 709 1333 ad
720 1291 818 1356 quam
828 1268 994 1361 clarissimi
1008 1270 1168 1337 triumviri
1220 1246 1225 1257 Ι

134 1381 246 1469 quovis
264 1381 358 1447 modo
376 1382 532 1447 Athenaei
550 1384 634 1449 circs
650 1384 850 1449 inflammare
870 1385 1087 1465 conabantur,
1105 1387 1166 1451 sihi

133 1498 292 1560 notiorem
331 1496 401 1559 fieri
440 1507 607 1582 cuperent.
654 1498 777 1562 llorum
811 1508 884 1563 roto
913 1508 950 1561 ut
978 1498 1163 1579 satisfieret,
1277 1553 1280 1560 .

132 1609 230 1673 horae
250 1611 437 1699 praesertim
456 1612 602 1675 lecerunt
619 1611 875 1695 pomeridianac,
905 1633 986 1698 quas
1013 1613 1165 1699 Wytten·
1269 1635 1272 1639 ·

131 1722 266 1788 bachius
289 1724 429 1811 'singulis
464 1724 577 1789 diebus
608 1726 744 1793 Veneris
772 1737 838 1792 tres
863 1723 1043 1791 destinabat
1067 1726 1164 1791 audi-

132 1837 256 1903 toribus
274 1837 323 1901 sui
341 1832 481 1905 adeundi
503 1838 639 1925 cupidis.
663 1839 719 1903 llis
736 1839 866 1905 circulis
888 1839 969 1905 nihil
984 1840 1165 1924 juventuti,

132 1972 227 2016 verae
243 1950 346 2016 laudis
366 1954 552 2037 appetenti,
582 1952 705 2020 utilius.
740 1954 821 2018 Tum
847 1974 1009 2018 sermones
1024 1952 1166 2020 conferri

131 2066 172 2130 de
202 2064 318 2131 scholis
337 2077 381 2141 ,et
399 2066 513 2131 studiis
533 2066 717 2146 literarum,
748 2066 790 2130 dc
811 2068 1022 2153 scriptoribus
1038 2088 1166 2131 eorum·

132 2200 197 2265 que
222 2180 373 2267 operibus
394 2180 544 2261 dirersis;
570 2193 640 2247 tum
661 2181 933 2268 Wyttenhaohius
955 2181 1114 2247 narrando
1134 2192 1167 2245 et

16 2290 17 2293 ’
132 2294 361 2381 interrogando
384 2290 650 2381 unumquemque
669 2295 805 2374 elicere,
835 2296 990 2374 incitare,
1014 2316 1164 2373 monere3

133 2417 202 2472 tum
226 2408 310 2473 inter
333 2410 414 2474 seria
440 2430 479 2473 ac
502 2408 594 2492 jocos
621 2410 854 2474 commilitones
873 2431 907 2473 se
924 2420 1038 2475 mutuo
1057 2412 1165 2474 anim-

59 2598 62 2603 ·
132 2521 297 2587 advertere
333 2533 365 2586 et
401 2520 537 2588 aliorum
557 2523 619 2590 ,alii
644 2524 818 2588 amicitiam
848 2533 980 2606 optare,
1013 2505 1165 2608 magister

129 2658 208 2700 vcro
231 2636 373 2700 omnium
398 2657 462 2700 non
488 2648 613 2700 tantum
638 2636 766 2722 ingenia
793 2637 999 2721 perspicere,
1033 2635 1089 2700 scd
1106 2649 1165 2722 pez

102 2776 106 2782 ¹
130 2760 259 2815 netrare
281 2770 374 2833 saepe
393 2749 427 2812 in
443 2750 569 2814 intimos
585 2751 766 2814 animorum
781 2769 935 2814 recessus.
958 2748 1037 2814 Inde
1054 2773 1166 2838 quorr-

133 2877 207 2928 tom
231 2863 373 2928 Heusdio
401 2849 653 2928 emolumentum
677 2863 850 2950 obtigerit,
885 2863 1040 2930 definiant
1062 2864 1161 2944 licet,

132 2979 188 3066 qui
217 2978 252 3042 in
276 2977 365 3043 hisce
391 2965 471 3044 nihil
498 2989 646 3044 metuunt
668 2978 855 3064 opinionum
873 2990 1062 3046 commenta.
1096 2979 1165 3066 Ego

132 3093 320 3180 simpliciter
340 3093 495 3172 releram,
518 3114 602 3180 quae
621 3093 768 3179 cognovi.

174 3209 348 3294 Postquam
369 3208 468 3294 igitur
488 3207 544 3272 ille
566 3206 722 3273 Athenaei
743 3207 867 3270 civibus
888 3205 949 3271 hac
969 3206 1092 3270 ratione
1110 3208 1161 3270 in·

131 3332 298 3402 notuerat,
323 3323 409 3386 ultro
425 3322 459 3384 iu
482 3320 824 3407 praestantissimorum
842 3319 1091 3382 familiaritatem
1106 3341 1163 3383 re-

131 3435 321 3521 cipiebatur.
363 3437 473 3500 Altero
508 3434 664 3499 curriculi
695 3432 880 3498 Academici
904 3455 988 3499 anno
1016 3455 1118 3520 quum
1145 3455 1164 3498 a

130 3549 229 3615 Crassi
262 3549 427 3634 discipulis
460 3569 577 3614 novum
611 3547 795 3612 sodalitium
817 3547 1030 3634 jungeretur,
1063 3548 1162 3614 Lito-

130 3685 253 3728 rarum
287 3663 405 3728 studia
442 3664 621 3726 amicitiae
650 3661 847 3741 uinculum,
884 3657 1161 3746 jurisprudentiae

129 3776 211 3842 illud
241 3777 361 3862 pariter
385 3787 483 3863 atque
507 3774 605 3838 literis
627 3773 788 3854 dicatum,
823 3775 1000 3841 Hensdium
1024 3777 1059 3840 in
1072 3814 1076 3826 .
1090 3777 1163 3862 pri-

130 3893 189 3955 mis
216 3891 339 3956 socium
362 3899 511 3976 cooptare
534 3888 666 3975 placuit.
680 3884 706 3974 ¹)
732 3887 830 3971 Cujus
852 3891 976 3956 consilii
994 3888 1080 3954 haud
1099 3890 1161 3953 suit

165 4087 192 4154 1)
210 4092 296 4140 vem
325 4090 405 4138 oram
432 4088 617 4154 amputatum
635 4065 759 4136 'tamnus
781 4085 872 4136 mnu·
896 4093 969 4136 ms:

337 4179 380 4226 Du
401 4177 461 4223 ehoe
480 4176 524 4223 des
542 4177 680 4223 osetiroem
702 4178 729 4221 et
747 4173 793 4222 der
812 4174 929 4237 optarim

336 4263 373 4309 Lo
389 4253 569 4328 odritdjoo‘llt't
584 4267 611 4308 st
622 4258 760 4324 o’dcltoppt'
775 4275 806 4308 err
822 4251 923 4323 royhtte.

933 4348 954 4412 2
