2875 5075
609 499 671 561 217

9 692 10 751 j
125 671 281 756 munique
297 668 473 747 librorum,
498 669 575 735 utile
597 669 687 735 dulci
710 671 932 747 miscentium,
952 670 1091 735 lectione
1110 672 1150 737 ab

9 770 10 843 ἒ
123 786 252 870 ingenio
284 805 317 847 se
347 784 485 849 invicem
517 795 548 849 et
572 782 678 849 auimo
708 787 854 850 excolere
885 786 1018 849 solebat.
1060 788 1149 851 Hauc

9 872 10 917 3
123 908 231 963 autem
253 896 468 963 dulcissimam
494 909 525 961 et
547 899 676 984 utrique
698 899 868 984 perutilem
897 885 1022 963 v'irendi
1052 901 1148 963 ratio-

9 1086 10 1095 *
124 1033 198 1081 uem
216 1012 340 1098 aliquot
357 1012 448 1077 annis
467 1024 537 1096 post
559 1034 614 1077 eae
636 1012 780 1078 nonnihil
800 1014 1011 1078 immutarunt
1030 1016 1149 1077 suavis·

123 1125 220 1192 simae
242 1147 361 1204 curae,
392 1146 476 1211 quae
493 1128 601 1211 prouti
624 1127 726 1193 bonae
751 1128 843 1193 uxori
870 1126 956 1191 omni
979 1128 1048 1191 lere
1068 1138 1149 1191 tem·

123 1260 201 1324 poro
220 1226 380 1319 constant,
402 1240 446 1305 ita
465 1240 633 1319 maritum,
655 1242 689 1305 in
707 1240 831 1328 studiis,
843 1240 1026 1319 assiduum,
1051 1242 1149 1325 paulo

123 1354 241 1421 arctius
255 1374 363 1417 museo
383 1375 441 1421 suo
459 1353 654 1421 devinciunt.
679 1355 718 1419 Et
739 1354 800 1419 bae
816 1376 914 1420 curae
931 1356 989 1419 ubi
1005 1377 1035 1423 a.
1060 1357 1148 1419 1810

123 1479 226 1533 morto
255 1466 373 1533 filiolae
398 1468 566 1533 anniculae
594 1469 754 1555 extemplo
785 1469 930 1533 sublatae
955 1480 1069 1547 erant,'
1098 1492 1149 1533 re·

9 1616 10 1621 ¹
99 1591 255 1650 'serame
280 1593 355 1647 sunt
379 1582 509 1648 biennio
539 1594 609 1667 post
635 1594 667 1647 et
697 1595 811 1650 anemo
842 1583 959 1649 debinc
989 1584 1149 1647 natalibus

122 1698 222 1759 trium
240 1694 391 1781 deinceps
411 1696 551 1763 filiorum
573 1696 775 1785 duarumque
792 1697 939 1763 filiarum.
975 1699 1055 1765 Exin
1074 1720 1149 1763 vern

121 1807 322 1875 Heusdianae
348 1810 461 1875 domus
488 1832 690 1900 summopere
716 1812 817 1877 crevit
843 1810 992 1877 felicitas.
1031 1812 1149 1894 Conju·

9 1900 10 1931 ³
123 1939 178 2008 ges
201 1914 373 1991 tenerrimo
400 1924 506 1993 adbuc
538 1946 646 1991 amore
678 1937 777 1991 semet
804 1928 985 2011 prosecuti,
1014 1926 1082 2009 jam
1110 1947 1149 1991 eo

9 2115 15 2125 ,
122 2037 259 2105 arctiore
287 2039 523 2124 copulabantur
560 2026 710 2118 caritate,
754 2063 819 2126 quo
845 2040 946 2123 major
980 2040 1149 2124 utriusque
1249 2033 1252 2037 ⁴
1294 2057 1300 2067 ·

9 2222 10 2227 1
123 2152 287 2219 consensio
316 2153 490 2238 apparebat
519 2155 552 2217 in
583 2154 691 2219 liberis
719 2155 877 2243 sapienter
912 2166 944 2217 et
970 2153 1011 2218 ad
1042 2174 1149 2220 veram
1184 2162 1185 2167 ’

9 2272 10 2275 ’
122 2267 264 2350 ipsorum
291 2266 426 2333 salutem
455 2266 694 2359 accommodate
715 2267 906 2354 diligendis,
931 2290 1062 2355 quoque
1082 2268 1148 2334 effi·

123 2380 230 2446 uanior
259 2380 404 2447 voluntas
427 2380 577 2465 prodibat
608 2382 793 2447 eorumdem
819 2382 1148 2451 studiosissimeedu·

9 2488 11 2525 ³
102 2492 310 2566 ,sanderum
354 2495 438 2561 Uxor
452 2517 518 2562 eos
541 2495 660 2560 tenella
685 2508 787 2562 aetate
818 2519 883 2562 non
906 2508 1025 2570 temere
1050 2496 1149 2561 relin-

9 2637 10 2640 ¹
123 2631 241 2694 quere,
261 2609 378 2676 nedum
401 2610 528 2676 famulis
542 2609 708 2674 ancillisve
728 2611 888 2676 curandos
903 2610 1148 2676 oblectandosve

9 2779 10 2810 ἶ
122 2722 270 2802 tradere,
289 2724 356 2808 ipsa
374 2745 484 2788 curam
504 2745 613 2790 corum
633 2745 729 2810 agere
748 2747 894 2805 omnem,
916 2725 1001 2790 ludis
1016 2725 1147 2803 adesse,

122 2859 194 2902 mor
214 2839 341 2922 corpori
352 2860 414 2902 non
434 2839 630 2905 coustantius
647 2840 830 2924 prospicere
848 2862 945 2926 quam
958 2839 1148 2927 diligentius

9 3011 11 3020 ,
123 2964 261 3016 mentem
280 2953 480 3038 singulorum
498 2953 683 3032 attondere,
707 2953 741 3020 id
760 2967 874 3040 optans
892 2956 1086 3045 praecipue,
1111 2967 1148 3022 ut

123 3065 201 3132 haec
220 3087 295 3130 sana
316 3066 490 3151 aliquando
509 3067 542 3136 io
561 3067 637 3132 sano
655 3067 712 3131 illo
721 3067 898 3149 habitarem
917 3068 1040 3136 idcirco
1055 3091 1145 3147 sam,

123 3182 147 3244 si
167 3203 247 3266 opus
275 3180 456 3260 videretur,
481 3182 531 3246 vel
550 3181 701 3266 prudenti
733 3183 847 3248 amoris
871 3181 993 3247 duritia
1019 3182 1148 3249 flectere

9 3317 10 3346 ³
123 3295 231 3362 conari
244 3344 252 3373 ,
266 3304 270 3311 ’
285 3295 425 3372 idcirco,
456 3295 544 3381 quod
574 3295 877 3362 excellentissimum
913 3295 1002 3362 dicas
1039 3291 1147 3358 matris

9 3401 10 3466 l
123 3430 254 3488 munus,
278 3421 403 3478 mature
429 3432 481 3475 eos
509 3409 548 3474 ad
570 3411 628 3476 Dei
654 3411 864 3476 reverentiam
894 3411 1018 3496 erigere
1048 3420 1147 3493 atque

9 3597 10 3600 Ἴ
122 3545 243 3590 summa
263 3525 391 3590 omnino
411 3547 470 3610 ope
495 3526 571 3602 niti,
597 3547 636 3592 ne
662 3536 770 3604 aetas,
795 3525 941 3594 imitandi
959 3524 1066 3590 studio
1087 3523 1146 3588 lla·

122 3644 237 3722 grans,
263 3660 306 3702 er
334 3639 433 3723 ipsius
453 3639 547 3704 dictis
577 3640 708 3706 factiove
731 3639 855 3727 aliquid
876 3639 1021 3706 indecori
1047 3639 1147 3706 susci·

9 3801 10 3856 l
121 3763 222 3836 peret.
265 3754 398 3818 ,llaritus
420 3764 454 3818 et
479 3746 558 3820 baec
588 3755 694 3820 omnin
714 3754 857 3844 impenso
878 3743 1016 3838 probare
1038 3766 1071 3820 et
1091 3775 1147 3838 pa·

122 3866 198 3929 riter
226 3867 363 3952 erunpli
391 3867 532 3935 bonitate
560 3868 670 3934 liboris
692 3869 819 3954 praeire
846 3879 879 3934 et
906 3868 1147 3938 consuetudinis

9 4013 11 4064 ᾗ
122 3978 294 4044 dulcedine
313 4001 365 4044 eos
391 3981 431 4046 ad
455 4002 488 4046 se
519 3982 668 4061 allicere,
686 3985 841 4067 paulatim
857 3985 1026 4048 instituere
1049 3996 1147 4070 atque

122 4092 162 4156 ad
185 4087 336 4160 virtutem
366 4095 556 4174 informare,
582 4095 723 4182 denique
754 4097 845 4161 uxori
866 4096 1069 4161 vehementer
1097 4120 1148 4161 as-

123 4209 251 4288 sentiri,
284 4208 368 4287 boc,
403 4211 427 4273 si
465 4209 543 4296 quid
576 4209 684 4289 aliud,
720 4213 859 4290 tenenti,
892 4211 990 4278 nullis
1019 4233 1146 4296 prorsus
