2875 5075
114 742 147 783 se
168 720 280 803 dignos
303 729 499 805 praestarent
519 717 691 799 sodalitiis,
714 740 798 806 quae
816 720 1021 806 egregiorum
1042 721 1137 804 -J'ure-

16 862 18 905 r
112 856 187 899 rrum
206 834 321 899 studiis
347 832 517 899 florebant.-
563 834 623 913 lit,
643 832 906 921 quandoquidem
924 835 993 918 ejus
1010 834 1138 901 scholae

16 936 18 977 ³
111 950 294 1041 frequentes
312 958 402 1013 erant
419 947 561 1031 cujusvis
579 946 747 1013 doctrinae
761 947 931 1031 studiosis,
955 948 1042 1015 haud
1058 972 1138 1036 pan·

111 1064 160 1142 ci,
193 1064 229 1127 si
250 1063 377 1129 nullum
402 1062 528 1141 alium,
569 1062 659 1130 hunc
691 1074 778 1127 certe
818 1063 961 1129 fractum
988 1062 1064 1128 inde
1086 1086 1138 1130 ca·

16 1152 31 1219 l»
109 1177 262 1263 piebem,
287 1187 323 1241 ut
342 1198 406 1241 ooo
425 1177 617 1241 somniantes
634 1174 675 1241 ad
702 1198 793 1241 saam
809 1176 1003 1243 accederent
1016 1177 1139 1244 doctri·

110 1314 200 1371 uam,
235 1304 311 1371 aut,
339 1290 396 1358 ubi
424 1270 648 1371 accesserant,¹
680 1290 722 1356 ad
740 1290 874 1357 meliora
888 1291 1004 1358 sensim
1023 1312 1138 1377 exper-

16 1406 18 1481 ἓ
110 1406 320 1493 gisnerentur.
356 1404 451 1487 Quod
474 1424 549 1469 care
570 1427 612 1469 ne
634 1407 786 1493 exiguum
804 1418 910 1491 putes.
940 1406 1021 1470 llam
1037 1407 1138 1473 libera

109 1521 223 1585 mentis
247 1520 400 1607 agitatio,
441 1540 505 1605 qua
534 1520 579 1583 ris
605 1520 727 1606 ingenii
754 1520 934 1585 stabiliatur
965 1522 1138 1607 ipsumque

16 1696 17 1727 ἐ
109 1635 226 1700 maturi
239 1634 357 1719 judicii
372 1634 531 1720 particeps
547 1632 621 1713 fiat,
655 1634 746 1698 iniis
762 1635 879 1720 procul
898 1634 998 1701 dubio
1016 1646 1064 1699 est
1079 1637 1138 1701 bo-

16 1796 18 1801 ·
108 1772 166 1813 nae
187 1750 396 1815 irretitutiouis
415 1747 626 1814 Academicae
649 1749 836 1827 momentis,
861 1753 945 1835 quae
959 1770 1017 1834 per
1036 1762 1136 1815 totam

16 1848 18 1935 s
107 1866 204 1929 vitam
222 1865 335 1927 eximie
348 1872 493 1949 prosunt,
540 1862 662 1929 Verum
679 1874 789 1943 erant,
812 1864 870 1950 qui
890 1864 997 1949 plures
1021 1884 1061 1928 er
1082 1886 1136 1929 ea·

16 1974 18 2031 5
106 1978 182 2043 dem
199 1977 368 2063 disciplina
385 1978 511 2043 tructus
531 1988 700 2063 caperent,
724 1978 783 2064 qui
800 1978 866 2056 ita„
877 1976 1020 2042 Hemdio
1037 1977 1134 2057 duce,

105 2093 136 2156 in
165 2092 388 2179 antiquitatem
415 2100 450 2155 et
472 2089 637 2156 historiam
656 2090 906 2171 inducerentur,
928 2103 966 2155 ut
983 2112 1042 2156 suo
1058 2091 1136 2182 dein

16 2284 17 2287 Ἴ
105 2206 254 2291 exemplo
270 2204 461 2293 probarent,
484 2218 605 2293 ¹quauta
624 2206 666 2271 sit
679 2204 787 2287 justae
803 2227 863 2290 per
879 2227 934 2269 eas
961 2227 1136 2291 praepara·

107 2322 203 2385 tionis
220 2321 368 2399 ubertas,
393 2330 589 2407 quantopere
607 2320 671 2385 hac
684 2316 1014 2407 arumde-diligenter
1037 2321 1087 2385 usi
1100 2322 1135 2384 io

108 2456 166 2499 sua
184 2434 309 2522 quique
335 2434 480 2513 doctrina
500 2455 602 2520 quum
618 2445 769 2499 accurate
785 2446 818 2497 et
833 2433 1023 2518 philosopha
1038 2434 1136 2498 ratio·

103 2569 145 2612 ne
164 2547 301 2614 colenda
323 2559 393 2612 tum
411 2547 579 2612 utilissime
595 2546 777 2611 adhibenda
796 2556 829 2608 et
850 2545 1005 2611 ardenda
1020 2547 1136 2630 juren-

16 2673 17 2676 ’
103 2673 174 2728 tur.
224 2663 474 2743 Quaeruuturno
511 2659 663 2726 nomina?
696 2661 741 2724 lix
768 2660 858 2725 nullo
876 2660 1010 2726 fortasse
1027 2659 1136 2725 erudi·

107 2789 217 2841 torum
235 2795 353 2862 genere
373 2757 467 2860 plura
481 2793 586 2860 ¹quam
603 2795 640 2838 er
657 2773 882 2860 theologorum
908 2773 1019 2839 ordine
1040 2774 1134 2840 alier-

105 2891 131 2954 ri
154 2899 302 2976 possent,
327 2908 466 2973 quorum
496 2887 584 2974 quod
609 2889 709 2952 malti·
731 2909 769 2952 ea
786 2887 882 2953 hodio
902 2911 960 2974 pro
978 2891 1135 2984 concione

106 3005 202 3069 rerba
221 3003 362 3082 iaciunt,
386 3002 472 3068 unde
490 3003 652 3068 salubrem
669 3003 892 3089 philosophiae
912 3015 944 3068 ct
971 3005 1135 3090 religionis

16 3143 17 3182 t
106 3119 372 3204 conspirationem
400 3137 526 3203 speres,
547 3138 630 3203 quae
657 3137 716 3181 neo
744 3138 821 3182 cum
848 3119 972 3182 ratione
987 3110 1134 3203 pugnant

16 3251 17 3262 ²
107 3243 139 3297 et
155 3244 327 3318 penetrant
344 3232 378 3295 io
402 3232 523 3295 animos
545 3249 663 3315 cosque
690 3229 860 3293 adrerum
883 3230 1134 3294 consectandum

16 3395 17 3434 p
107 3347 262 3426 flectunt,
286 3366 397 3410 causas
413 3344 562 3428 intelligo
575 3364 641 3406 esse
659 3341 779 3406 varias:
803 3343 838 3404 io
858 3341 1033 3406 bisantem
1054 3361 1135 3428 quo·

107 3463 309 3547 tiescumque
330 3483 349 3524 a
369 3457 567 3546 peritissimis
580 3455 747 3540 judicibus
764 3455 965 3522 Heusdianae
989 3455 1066 3522 item
1085 3457 1135 3520 in'·

108 3575 278 3640 stitutionis
297 3585 496 3639 momentum
521 3573 691 3640 memorari
713 3572 829 3652 audio,
845 3573 957 3652 toties,
974 3593 1013 3637 ea
1038 3573 1134 3659 ocgi-

107 3701 197 3770 tans,
223 3689 504 3776 quae-lectoribus
525 3709 620 3772 supra
642 3689 803 3766 enarrari,
838 3709 903 3752 non
920 3687 1023 3752 babeo
1044 3688 1132 3776 quod

16 3779 17 3786 i
107 3827 275 3892 apponam.
322 3804 383 3870 Sed
404 3803 516 3890 quidni
534 3801 711 3867 evidentius
731 3802 863 3888 loquor,
892 3803 1053 3888 missoque
1073 3824 1134 3866 no-

107 3921 228 3984 minum
255 3918 489 3985 afferendcrum
515 3917 691 4002 scrupulo,
728 3917 761 3980 in
787 3917 875 3980 riam
891 3927 1025 3980 cunctos
1047 3916 1134 3980 duco

108 4035 152 4098 rci
170 4033 304 4098 interius
324 4033 515 4119 pleniusque
540 4029 791 4116 dijudicandae?
814 4026 1004 4107 Anno1823
1028 4029 1132 4093 Kisti-

107 4145 149 4212 us'
171 4160 203 4212 et
231 4145 442 4234 Royaardsius
470 4145 509 4212 ad
533 4145 728 4233 theologiam
743 4140 979 4209 historicam'in
997 4143 1132 4208 Leiden-

110 4263 134 4326 si
159 4275 190 4327 et
232 4261 410 4346 Trajcotina
441 4259 611 4328 Academia
647 4259 834 4327 tradendam
861 4259 985 4337 vocati,
1015 4280 1132 4325 munus

904 4369 926 4431 7
