<?xml version="1.0" encoding="UTF-8"?>
<!DOCTYPE html PUBLIC "-//W3C//DTD XHTML 1.0 Transitional//EN"
    "http://www.w3.org/TR/xhtml1/DTD/xhtml1-transitional.dtd">
<html xmlns="http://www.w3.org/1999/xhtml" xml:lang="en" lang="en">
 <head>
  <title>
</title>
<meta http-equiv="Content-Type" content="text/html;charset=utf-8" />
  <meta name='ocr-system' content='tesseract 3.04.00' />
  <meta name='ocr-capabilities' content='ocr_page ocr_carea ocr_par ocr_line ocrx_word'/>
</head>
<body>
  <div class='ocr_page' id='page_1' title='image "./memoriaheusdii00rovegoog_0080.png"; bbox 0 0 2875 5075; ppageno 0'>
   <div class='ocr_carea' id='block_1_1' title="bbox 614 526 657 587">
    <p class='ocr_par' dir='ltr' id='par_1_1' title="bbox 614 526 657 587">
     <span class='ocr_line' id='line_1_1' title="bbox 614 526 657 587; baseline 0 0"><span class='ocrx_word' id='word_1_1' title='bbox 614 526 657 587; x_wconf 76' lang='grc'><strong>69</strong></span> 
     </span>
    </p>
   </div>
   <div class='ocr_carea' id='block_1_2' title="bbox 20 693 1150 1922">
    <p class='ocr_par' dir='ltr' id='par_1_2' title="bbox 17 693 1150 1922">
     <span class='ocr_line' id='line_1_2' title="bbox 120 693 1149 783; baseline 0.008 -26"><span class='ocrx_word' id='word_1_2' title='bbox 120 714 271 780; x_wconf 85' lang='lat' dir='ltr'><strong>quaeque</strong></span> <span class='ocrx_word' id='word_1_3' title='bbox 286 693 522 761; x_wconf 89' lang='lat' dir='ltr'><strong>incitandnrum</strong></span> <span class='ocrx_word' id='word_1_4' title='bbox 539 694 683 780; x_wconf 83' lang='lat' dir='ltr'><strong>cupidini</strong></span> <span class='ocrx_word' id='word_1_5' title='bbox 709 717 915 783; x_wconf 83' lang='lat' dir='ltr'><strong>nequaquam</strong></span> <span class='ocrx_word' id='word_1_6' title='bbox 933 697 1069 766; x_wconf 82' lang='lat' dir='ltr'><strong>cedebat</strong></span> <span class='ocrx_word' id='word_1_7' title='bbox 1097 700 1149 765; x_wconf 83' lang='lat' dir='ltr'><strong>ia-</strong></span> 
     </span>
     <span class='ocr_line' id='line_1_3' title="bbox 120 806 1150 895; baseline 0.006 -24"><span class='ocrx_word' id='word_1_8' title='bbox 120 807 234 873; x_wconf 88' lang='lat' dir='ltr'><strong>eultas.</strong></span> <span class='ocrx_word' id='word_1_9' title='bbox 269 808 341 871; x_wconf 84' lang='lat' dir='ltr'><strong>Sive</strong></span> <span class='ocrx_word' id='word_1_10' title='bbox 360 806 535 873; x_wconf 76' lang='lat' dir='ltr'><strong>disserebat</strong></span> <span class='ocrx_word' id='word_1_11' title='bbox 553 809 639 895; x_wconf 89' lang='lat' dir='ltr'><strong>ipse,</strong></span> <span class='ocrx_word' id='word_1_12' title='bbox 678 810 743 873; x_wconf 85' lang='lat' dir='ltr'><strong>sire</strong></span> <span class='ocrx_word' id='word_1_13' title='bbox 767 831 842 876; x_wconf 83' lang='lat' dir='ltr'><strong>oum</strong></span> <span class='ocrx_word' id='word_1_14' title='bbox 861 809 1060 877; x_wconf 68' lang='lat' dir='ltr'><strong>auditoribus</strong></span> <span class='ocrx_word' id='word_1_15' title='bbox 1078 814 1150 877; x_wconf 93' lang='lat' dir='ltr'><strong>col-</strong></span> 
     </span>
     <span class='ocr_line' id='line_1_4' title="bbox 118 922 1148 1012; baseline 0.007 -28"><span class='ocrx_word' id='word_1_16' title='bbox 118 922 334 1007; x_wconf 83' lang='lat' dir='ltr'><strong>loquebatur,</strong></span> <span class='ocrx_word' id='word_1_17' title='bbox 370 923 417 987; x_wconf 89' lang='lat' dir='ltr'><strong>sic</strong></span> <span class='ocrx_word' id='word_1_18' title='bbox 446 933 628 1008; x_wconf 86' lang='lat' dir='ltr'><strong>comparata</strong></span> <span class='ocrx_word' id='word_1_19' title='bbox 655 934 747 995; x_wconf 85' lang='lat' dir='ltr'><strong>erant</strong></span> <span class='ocrx_word' id='word_1_20' title='bbox 773 923 901 1003; x_wconf 89' lang='lat' dir='ltr'><strong>omnia,</strong></span> <span class='ocrx_word' id='word_1_21' title='bbox 925 936 982 1005; x_wconf 92' lang='lat' dir='ltr'><strong>ut,</strong></span> <span class='ocrx_word' id='word_1_22' title='bbox 1007 927 1064 1012; x_wconf 90' lang='lat' dir='ltr'><strong>qui</strong></span> <span class='ocrx_word' id='word_1_23' title='bbox 1083 948 1148 991; x_wconf 93' lang='lat' dir='ltr'><strong>non</strong></span> 
     </span>
     <span class='ocr_line' id='line_1_5' title="bbox 118 1034 1146 1121; baseline 0.007 -23"><span class='ocrx_word' id='word_1_24' title='bbox 118 1034 249 1099; x_wconf 83' lang='lat' dir='ltr'><strong>hebetes</strong></span> <span class='ocrx_word' id='word_1_25' title='bbox 271 1056 400 1121; x_wconf 86' lang='lat' dir='ltr'><strong>prorsus</strong></span> <span class='ocrx_word' id='word_1_26' title='bbox 421 1036 454 1099; x_wconf 93' lang='lat' dir='ltr'><strong>in</strong></span> <span class='ocrx_word' id='word_1_27' title='bbox 475 1035 599 1103; x_wconf 85' lang='lat' dir='ltr'><strong>scholas</strong></span> <span class='ocrx_word' id='word_1_28' title='bbox 619 1037 800 1120; x_wconf 74' lang='lat' dir='ltr'><strong>venissent,</strong></span> <span class='ocrx_word' id='word_1_29' title='bbox 825 1040 911 1103; x_wconf 92' lang='lat' dir='ltr'><strong>ultro</strong></span> <span class='ocrx_word' id='word_1_30' title='bbox 938 1051 1046 1103; x_wconf 88' lang='lat' dir='ltr'><strong>mento</strong></span> <span class='ocrx_word' id='word_1_31' title='bbox 1079 1042 1146 1105; x_wconf 90' lang='lat' dir='ltr'><strong>ori-</strong></span> 
     </span>
     <span class='ocr_line' id='line_1_6' title="bbox 118 1150 1145 1239; baseline 0.006 -28"><span class='ocrx_word' id='word_1_32' title='bbox 118 1161 283 1235; x_wconf 80' lang='lat' dir='ltr'><strong>gerentur,</strong></span> <span class='ocrx_word' id='word_1_33' title='bbox 300 1168 450 1236; x_wconf 90' lang='lat' dir='ltr'><strong>qnaeque</strong></span> <span class='ocrx_word' id='word_1_34' title='bbox 469 1150 525 1215; x_wconf 90' lang='lat' dir='ltr'><strong>ille</strong></span> <span class='ocrx_word' id='word_1_35' title='bbox 546 1150 692 1216; x_wconf 85' lang='lat' dir='ltr'><strong>tradebat</strong></span> <span class='ocrx_word' id='word_1_36' title='bbox 706 1163 739 1217; x_wconf 88' lang='lat' dir='ltr'><strong>et</strong></span> <span class='ocrx_word' id='word_1_37' title='bbox 756 1151 918 1217; x_wconf 88' lang='lat' dir='ltr'><strong>interdum</strong></span> <span class='ocrx_word' id='word_1_38' title='bbox 930 1152 1145 1239; x_wconf 76' lang='lat' dir='ltr'><strong>depingebat,</strong></span> 
     </span>
     <span class='ocr_line' id='line_1_7' title="bbox 116 1262 1146 1351; baseline 0.007 -26"><span class='ocrx_word' id='word_1_39' title='bbox 116 1262 254 1327; x_wconf 86' lang='lat' dir='ltr'><strong>libentes</strong></span> <span class='ocrx_word' id='word_1_40' title='bbox 280 1263 472 1347; x_wconf 77' lang='lat' dir='ltr'><strong>exciperent.</strong></span> <span class='ocrx_word' id='word_1_41' title='bbox 518 1264 588 1330; x_wconf 84' lang='lat' dir='ltr'><strong>Non</strong></span> <span class='ocrx_word' id='word_1_42' title='bbox 612 1264 762 1344; x_wconf 84' lang='lat' dir='ltr'><strong>afferam,</strong></span> <span class='ocrx_word' id='word_1_43' title='bbox 796 1286 880 1351; x_wconf 86' lang='lat' dir='ltr'><strong>quae</strong></span> <span class='ocrx_word' id='word_1_44' title='bbox 908 1288 945 1332; x_wconf 89' lang='lat' dir='ltr'><strong>ex</strong></span> <span class='ocrx_word' id='word_1_45' title='bbox 973 1278 1146 1343; x_wconf 84' lang='lat' dir='ltr'><strong>memorata</strong></span> 
     </span>
     <span class='ocr_line' id='line_1_8' title="bbox 116 1376 1147 1463; baseline 0.002 -22"><span class='ocrx_word' id='word_1_46' title='bbox 116 1376 376 1463; x_wconf 80' lang='lat' dir='ltr'><strong>disquisitionem</strong></span> <span class='ocrx_word' id='word_1_47' title='bbox 393 1377 547 1442; x_wconf 83' lang='lat' dir='ltr'><strong>suavitate</strong></span> <span class='ocrx_word' id='word_1_48' title='bbox 569 1388 600 1449; x_wconf 82' lang='lat' dir='ltr'><strong>et</strong></span> <span class='ocrx_word' id='word_1_49' title='bbox 616 1391 777 1444; x_wconf 89' lang='lat' dir='ltr'><strong>momento</strong></span> <span class='ocrx_word' id='word_1_50' title='bbox 796 1378 851 1446; x_wconf 86' lang='lat' dir='ltr'><strong>blo</strong></span> <span class='ocrx_word' id='word_1_51' title='bbox 873 1379 1020 1445; x_wconf 89' lang='lat' dir='ltr'><strong>omnibns</strong></span> <span class='ocrx_word' id='word_1_52' title='bbox 1041 1381 1147 1446; x_wconf 85' lang='lat' dir='ltr'><strong>animo</strong></span> 
     </span>
     <span class='ocr_line' id='line_1_9' title="bbox 116 1490 1146 1579; baseline 0.001 -24"><span class='ocrx_word' id='word_1_53' title='bbox 116 1490 336 1558; x_wconf 83' lang='lat' dir='ltr'><strong>obversantur.</strong></span> <span class='ocrx_word' id='word_1_54' title='bbox 360 1491 481 1559; x_wconf 86' lang='lat' dir='ltr'><strong>Verum</strong></span> <span class='ocrx_word' id='word_1_55' title='bbox 505 1491 667 1557; x_wconf 84' lang='lat' dir='ltr'><strong>alliciebat</strong></span> <span class='ocrx_word' id='word_1_56' title='bbox 690 1504 855 1579; x_wconf 76' lang='lat' dir='ltr'><strong>praeterea</strong></span> <span class='ocrx_word' id='word_1_57' title='bbox 877 1493 1048 1578; x_wconf 84' lang='lat' dir='ltr'><strong>peculiaris</strong></span> <span class='ocrx_word' id='word_1_58' title='bbox 1070 1494 1146 1575; x_wconf 60' lang='lat' dir='ltr'><strong>‚ejus</strong></span> 
     </span>
     <span class='ocr_line' id='line_1_10' title="bbox 115 1603 1145 1694; baseline 0.002 -24.826"><span class='ocrx_word' id='word_1_59' title='bbox 115 1607 216 1691; x_wconf 89' lang='lat' dir='ltr'><strong>ipsam</strong></span> <span class='ocrx_word' id='word_1_60' title='bbox 237 1603 468 1690; x_wconf 87' lang='lat' dir='ltr'><strong>discipulorum</strong></span> <span class='ocrx_word' id='word_1_61' title='bbox 483 1616 622 1671; x_wconf 88' lang='lat' dir='ltr'><strong>mentem</strong></span> <span class='ocrx_word' id='word_1_62' title='bbox 644 1606 791 1676; x_wconf 83' lang='lat' dir='ltr'><strong>movendi</strong></span> <span class='ocrx_word' id='word_1_63' title='bbox 812 1608 969 1686; x_wconf 77' lang='lat' dir='ltr'><strong>facultas,</strong></span> <span class='ocrx_word' id='word_1_64' title='bbox 1001 1628 1065 1694; x_wconf 83' lang='lat' dir='ltr'><strong>qua</strong></span> <span class='ocrx_word' id='word_1_65' title='bbox 1095 1608 1145 1671; x_wconf 81' lang='lat' dir='ltr'><strong>sel</strong></span> 
     </span>
     <span class='ocr_line' id='line_1_11' title="bbox 114 1718 1144 1807; baseline 0.004 -24"><span class='ocrx_word' id='word_1_66' title='bbox 114 1720 207 1783; x_wconf 89' lang='lat' dir='ltr'><strong>inscii</strong></span> <span class='ocrx_word' id='word_1_67' title='bbox 230 1719 323 1783; x_wconf 93' lang='lat' dir='ltr'><strong>multi</strong></span> <span class='ocrx_word' id='word_1_68' title='bbox 340 1718 381 1784; x_wconf 92' lang='lat' dir='ltr'><strong>ad</strong></span> <span class='ocrx_word' id='word_1_69' title='bbox 396 1718 602 1805; x_wconf 81' lang='lat' dir='ltr'><strong>cogitandum</strong></span> <span class='ocrx_word' id='word_1_70' title='bbox 619 1732 651 1785; x_wconf 93' lang='lat' dir='ltr'><strong>et</strong></span> <span class='ocrx_word' id='word_1_71' title='bbox 671 1720 902 1807; x_wconf 88' lang='lat' dir='ltr'><strong>inquirendum</strong></span> <span class='ocrx_word' id='word_1_72' title='bbox 917 1721 1144 1787; x_wconf 82' lang='lat' dir='ltr'><strong>invitabantur.</strong></span> 
     </span>
     <span class='ocr_line' id='line_1_12' title="bbox 20 1832 1144 1922; baseline 0.003 -24"><span class='ocrx_word' id='word_1_73' title='bbox 20 1875 24 1898; x_wconf 54' lang='grc' dir='ltr'>ι</span> <span class='ocrx_word' id='word_1_74' title='bbox 114 1834 195 1897; x_wconf 87' lang='lat' dir='ltr'><strong>Nam</strong></span> <span class='ocrx_word' id='word_1_75' title='bbox 213 1834 290 1899; x_wconf 81' lang='lat' dir='ltr'><strong>aliae</strong></span> <span class='ocrx_word' id='word_1_76' title='bbox 307 1832 523 1919; x_wconf 79' lang='lat' dir='ltr'><strong>cognoscendi</strong></span> <span class='ocrx_word' id='word_1_77' title='bbox 542 1834 727 1919; x_wconf 77' lang='lat' dir='ltr'><strong>cupidinem</strong></span> <span class='ocrx_word' id='word_1_78' title='bbox 742 1834 829 1922; x_wconf 89' lang='lat' dir='ltr'><strong>apud</strong></span> <span class='ocrx_word' id='word_1_79' title='bbox 849 1834 1010 1901; x_wconf 84' lang='lat' dir='ltr'><strong>auditores</strong></span> <span class='ocrx_word' id='word_1_80' title='bbox 1025 1836 1144 1901; x_wconf 88' lang='lat' dir='ltr'><strong>excita·</strong></span> 
     </span>
    </p>
   </div>
   <div class='ocr_carea' id='block_1_3' title="bbox 17 1947 1144 2034">
    <p class='ocr_par' dir='ltr' id='par_1_3' title="bbox 17 1947 1144 2034">
     <span class='ocr_line' id='line_1_13' title="bbox 17 1947 1144 2034; baseline 0.002 -22"><span class='ocrx_word' id='word_1_81' title='bbox 17 2006 18 2021; x_wconf 16' lang='grc' dir='ltr'>ἶ</span> <span class='ocrx_word' id='word_1_82' title='bbox 112 1947 169 2013; x_wconf 91' lang='lat' dir='ltr'><strong>bat</strong></span> <span class='ocrx_word' id='word_1_83' title='bbox 189 1948 394 2012; x_wconf 80' lang='lat' dir='ltr'><strong>vehementer</strong></span> <span class='ocrx_word' id='word_1_84' title='bbox 414 1958 465 2026; x_wconf 87' lang='lat' dir='ltr'><strong>et,</strong></span> <span class='ocrx_word' id='word_1_85' title='bbox 485 1958 654 2034; x_wconf 78' lang='lat' dir='ltr'><strong>postquam</strong></span> <span class='ocrx_word' id='word_1_86' title='bbox 669 1970 724 2016; x_wconf 82' lang='lat' dir='ltr'><strong>ees</strong></span> <span class='ocrx_word' id='word_1_87' title='bbox 739 1950 774 2013; x_wconf 90' lang='lat' dir='ltr'><strong>in</strong></span> <span class='ocrx_word' id='word_1_88' title='bbox 792 1950 874 2017; x_wconf 83' lang='lat' dir='ltr'><strong>riam</strong></span> <span class='ocrx_word' id='word_1_89' title='bbox 890 1948 1043 2028; x_wconf 88' lang='lat' dir='ltr'><strong>duxerat,</strong></span> <span class='ocrx_word' id='word_1_90' title='bbox 1067 1950 1144 2034; x_wconf 85' lang='lat' dir='ltr'><strong>ipsis</strong></span> 
     </span>
    </p>
   </div>
   <div class='ocr_carea' id='block_1_4' title="bbox 17 2052 1145 2151">
    <p class='ocr_par' dir='ltr' id='par_1_4' title="bbox 17 2052 1145 2151">
     <span class='ocr_line' id='line_1_14' title="bbox 17 2052 1145 2151; baseline 0.001 -24"><span class='ocrx_word' id='word_1_91' title='bbox 17 2052 18 2075; x_wconf 59' lang='lat'>¹</span> <span class='ocrx_word' id='word_1_92' title='bbox 113 2082 184 2127; x_wconf 84' lang='lat' dir='ltr'><strong>enm</strong></span> <span class='ocrx_word' id='word_1_93' title='bbox 203 2060 414 2148; x_wconf 82' lang='lat' dir='ltr'><strong>explendam,</strong></span> <span class='ocrx_word' id='word_1_94' title='bbox 431 2061 547 2140; x_wconf 88' lang='lat' dir='ltr'><strong>idest,</strong></span> <span class='ocrx_word' id='word_1_95' title='bbox 565 2063 747 2130; x_wconf 84' lang='lat' dir='ltr'><strong>inveniendi</strong></span> <span class='ocrx_word' id='word_1_96' title='bbox 765 2075 798 2128; x_wconf 91' lang='lat' dir='ltr'><strong>ot</strong></span> <span class='ocrx_word' id='word_1_97' title='bbox 816 2064 1013 2151; x_wconf 80' lang='lat' dir='ltr'><strong>voluptatem</strong></span> <span class='ocrx_word' id='word_1_98' title='bbox 1028 2074 1061 2128; x_wconf 89' lang='lat' dir='ltr'><strong>et</strong></span> <span class='ocrx_word' id='word_1_99' title='bbox 1078 2065 1145 2128; x_wconf 88' lang='lat' dir='ltr'><strong>uti-</strong></span> 
     </span>
    </p>
   </div>
   <div class='ocr_carea' id='block_1_5' title="bbox 112 2175 1142 2262">
    <p class='ocr_par' dir='ltr' id='par_1_5' title="bbox 17 2172 1142 2262">
     <span class='ocr_line' id='line_1_15' title="bbox 112 2175 1142 2262; baseline 0 -22"><span class='ocrx_word' id='word_1_100' title='bbox 112 2176 237 2241; x_wconf 88' lang='lat' dir='ltr'><strong>litatem</strong></span> <span class='ocrx_word' id='word_1_101' title='bbox 244 2176 323 2261; x_wconf 90' lang='lat' dir='ltr'><strong>ipsis</strong></span> <span class='ocrx_word' id='word_1_102' title='bbox 338 2175 561 2262; x_wconf 89' lang='lat' dir='ltr'><strong>relinquebat,</strong></span> <span class='ocrx_word' id='word_1_103' title='bbox 574 2175 677 2241; x_wconf 91' lang='lat' dir='ltr'><strong>donec</strong></span> <span class='ocrx_word' id='word_1_104' title='bbox 690 2176 806 2244; x_wconf 87' lang='lat' dir='ltr'><strong>horum</strong></span> <span class='ocrx_word' id='word_1_105' title='bbox 820 2176 1000 2243; x_wconf 86' lang='lat' dir='ltr'><strong>studiorum</strong></span> <span class='ocrx_word' id='word_1_106' title='bbox 1016 2176 1142 2243; x_wconf 86' lang='lat' dir='ltr'><strong>fructus</strong></span> 
     </span>
    </p>
   </div>
   <div class='ocr_carea' id='block_1_6' title="bbox 17 2270 1249 3051">
    <p class='ocr_par' dir='ltr' id='par_1_6' title="bbox 17 2270 1249 3051">
     <span class='ocr_line' id='line_1_16' title="bbox 17 2270 1249 2376; baseline 0.002 -23"><span class='ocrx_word' id='word_1_107' title='bbox 17 2270 18 2345; x_wconf 51' lang='lat' dir='ltr'><strong>i</strong></span> <span class='ocrx_word' id='word_1_108' title='bbox 115 2290 316 2375; x_wconf 82' lang='lat' dir='ltr'><strong>exploraret:</strong></span> <span class='ocrx_word' id='word_1_109' title='bbox 348 2289 445 2369; x_wconf 90' lang='lat' dir='ltr'><strong>alias,</strong></span> <span class='ocrx_word' id='word_1_110' title='bbox 477 2291 580 2376; x_wconf 78' lang='lat' dir='ltr'><strong>gentis</strong></span> <span class='ocrx_word' id='word_1_111' title='bbox 611 2289 778 2374; x_wconf 81' lang='lat' dir='ltr'><strong>cujusdem</strong></span> <span class='ocrx_word' id='word_1_112' title='bbox 807 2293 953 2357; x_wconf 88' lang='lat' dir='ltr'><strong>instituta</strong></span> <span class='ocrx_word' id='word_1_113' title='bbox 979 2312 1146 2369; x_wconf 83' lang='lat' dir='ltr'><strong>enarrans,</strong></span> <span class='ocrx_word' id='word_1_114' title='bbox 1198 2313 1201 2319; x_wconf 89' lang='lat'>·</span> <span class='ocrx_word' id='word_1_115' title='bbox 1244 2330 1249 2337; x_wconf 82' lang='lat'><strong>·</strong></span> 
     </span>
     <span class='ocr_line' id='line_1_17' title="bbox 17 2384 1140 2491; baseline 0 -24"><span class='ocrx_word' id='word_1_116' title='bbox 17 2384 18 2425; x_wconf 33' lang='lat' dir='ltr'><strong>i</strong></span> <span class='ocrx_word' id='word_1_117' title='bbox 110 2404 221 2469; x_wconf 85' lang='lat' dir='ltr'><strong>subito</strong></span> <span class='ocrx_word' id='word_1_118' title='bbox 238 2404 274 2481; x_wconf 88' lang='lat' dir='ltr'><strong>in</strong></span> <span class='ocrx_word' id='word_1_119' title='bbox 291 2403 425 2469; x_wconf 84' lang='lat' dir='ltr'><strong>aliorum</strong></span> <span class='ocrx_word' id='word_1_120' title='bbox 441 2406 635 2491; x_wconf 86' lang='lat' dir='ltr'><strong>populorum</strong></span> <span class='ocrx_word' id='word_1_121' title='bbox 663 2406 966 2489; x_wconf 89' lang='lat' dir='ltr'><strong>contemplationem</strong></span> <span class='ocrx_word' id='word_1_122' title='bbox 982 2404 1140 2481; x_wconf 76' lang='lat' dir='ltr'><strong>vocabat,</strong></span> 
     </span>
     <span class='ocr_line' id='line_1_18' title="bbox 109 2516 1142 2604; baseline -0.001 -22"><span class='ocrx_word' id='word_1_123' title='bbox 109 2530 147 2584; x_wconf 89' lang='lat' dir='ltr'><strong>ut</strong></span> <span class='ocrx_word' id='word_1_124' title='bbox 166 2516 392 2602; x_wconf 75' lang='lat' dir='ltr'><strong>comparando,</strong></span> <span class='ocrx_word' id='word_1_125' title='bbox 413 2518 494 2604; x_wconf 89' lang='lat' dir='ltr'><strong>quid</strong></span> <span class='ocrx_word' id='word_1_126' title='bbox 516 2518 770 2603; x_wconf 84' lang='lat' dir='ltr'><strong>uniuscujusque</strong></span> <span class='ocrx_word' id='word_1_127' title='bbox 787 2519 954 2602; x_wconf 84' lang='lat' dir='ltr'><strong>proprium</strong></span> <span class='ocrx_word' id='word_1_128' title='bbox 972 2527 1005 2582; x_wconf 90' lang='lat' dir='ltr'><strong>et</strong></span> <span class='ocrx_word' id='word_1_129' title='bbox 1027 2527 1142 2603; x_wconf 86' lang='lat' dir='ltr'><strong>quate·</strong></span> 
     </span>
     <span class='ocr_line' id='line_1_19' title="bbox 18 2629 1139 2718; baseline 0.004 -28"><span class='ocrx_word' id='word_1_130' title='bbox 18 2677 19 2690; x_wconf 67' lang='grc'>,</span> <span class='ocrx_word' id='word_1_131' title='bbox 108 2653 173 2696; x_wconf 85' lang='lat' dir='ltr'><strong>nus</strong></span> <span class='ocrx_word' id='word_1_132' title='bbox 204 2631 385 2716; x_wconf 78' lang='lat' dir='ltr'><strong>progressio</strong></span> <span class='ocrx_word' id='word_1_133' title='bbox 409 2631 443 2694; x_wconf 91' lang='lat' dir='ltr'><strong>in</strong></span> <span class='ocrx_word' id='word_1_134' title='bbox 469 2631 603 2718; x_wconf 81' lang='lat' dir='ltr'><strong>singulis</strong></span> <span class='ocrx_word' id='word_1_135' title='bbox 633 2642 838 2710; x_wconf 88' lang='lat' dir='ltr'><strong>cerneretur,</strong></span> <span class='ocrx_word' id='word_1_136' title='bbox 874 2642 1017 2716; x_wconf 76' lang='lat' dir='ltr'><strong>pateret3</strong></span> <span class='ocrx_word' id='word_1_137' title='bbox 1052 2629 1139 2717; x_wconf 90' lang='lat' dir='ltr'><strong>qnod</strong></span> 
     </span>
     <span class='ocr_line' id='line_1_20' title="bbox 108 2743 1139 2839; baseline 0.001 -30"><span class='ocrx_word' id='word_1_138' title='bbox 108 2744 312 2830; x_wconf 84' lang='lat' dir='ltr'><strong>antiquitatis</strong></span> <span class='ocrx_word' id='word_1_139' title='bbox 343 2745 505 2810; x_wconf 87' lang='lat' dir='ltr'><strong>Romanae</strong></span> <span class='ocrx_word' id='word_1_140' title='bbox 529 2765 557 2811; x_wconf 85' lang='lat' dir='ltr'><strong>v.</strong></span> <span class='ocrx_word' id='word_1_141' title='bbox 577 2767 612 2816; x_wconf 85' lang='lat' dir='ltr'><strong>c.:</strong></span> <span class='ocrx_word' id='word_1_142' title='bbox 627 2745 756 2812; x_wconf 88' lang='lat' dir='ltr'><strong>scholae</strong></span> <span class='ocrx_word' id='word_1_143' title='bbox 784 2744 968 2839; x_wconf 80' lang='lat' dir='ltr'><strong>declarant,</strong></span> <span class='ocrx_word' id='word_1_144' title='bbox 1011 2743 1139 2810; x_wconf 87' lang='lat' dir='ltr'><strong>habitae</strong></span> 
     </span>
     <span class='ocr_line' id='line_1_21' title="bbox 18 2857 1139 2947; baseline 0 -23"><span class='ocrx_word' id='word_1_145' title='bbox 18 2859 20 2934; x_wconf 73' lang='lat' dir='ltr'><strong>l</strong></span> <span class='ocrx_word' id='word_1_146' title='bbox 109 2879 168 2924; x_wconf 87' lang='lat' dir='ltr'><strong>eae</strong></span> <span class='ocrx_word' id='word_1_147' title='bbox 189 2857 298 2945; x_wconf 89' lang='lat' dir='ltr'><strong>priore</strong></span> <span class='ocrx_word' id='word_1_148' title='bbox 317 2869 440 2924; x_wconf 85' lang='lat' dir='ltr'><strong>tantem</strong></span> <span class='ocrx_word' id='word_1_149' title='bbox 455 2859 596 2926; x_wconf 88' lang='lat' dir='ltr'><strong>muneris</strong></span> <span class='ocrx_word' id='word_1_150' title='bbox 618 2870 779 2946; x_wconf 89' lang='lat' dir='ltr'><strong>tempore,</strong></span> <span class='ocrx_word' id='word_1_151' title='bbox 810 2859 991 2947; x_wconf 83' lang='lat' dir='ltr'><strong>plenaeque</strong></span> <span class='ocrx_word' id='word_1_152' title='bbox 1009 2881 1139 2947; x_wconf 88' lang='lat' dir='ltr'><strong>compa·</strong></span> 
     </span>
     <span class='ocr_line' id='line_1_22' title="bbox 18 2957 1140 3051; baseline -0.003 -13"><span class='ocrx_word' id='word_1_153' title='bbox 18 2957 19 3038; x_wconf 55' lang='lat' dir='ltr'><strong>l</strong></span> <span class='ocrx_word' id='word_1_154' title='bbox 111 2973 274 3038; x_wconf 79' lang='lat' dir='ltr'><strong>rationum</strong></span> <span class='ocrx_word' id='word_1_155' title='bbox 292 2972 374 3036; x_wconf 87' lang='lat' dir='ltr'><strong>inter</strong></span> <span class='ocrx_word' id='word_1_156' title='bbox 393 2971 554 3051; x_wconf 85' lang='lat' dir='ltr'><strong>Orientis,</strong></span> <span class='ocrx_word' id='word_1_157' title='bbox 578 2972 733 3040; x_wconf 81' lang='lat' dir='ltr'><strong>Graeciae</strong></span> <span class='ocrx_word' id='word_1_158' title='bbox 758 2983 791 3036; x_wconf 88' lang='lat' dir='ltr'><strong>et</strong></span> <span class='ocrx_word' id='word_1_159' title='bbox 816 2974 978 3041; x_wconf 86' lang='lat' dir='ltr'><strong>Romanae</strong></span> <span class='ocrx_word' id='word_1_160' title='bbox 1003 2975 1140 3040; x_wconf 82' lang='lat' dir='ltr'><strong>civitatis</strong></span> 
     </span>
    </p>
   </div>
   <div class='ocr_carea' id='block_1_7' title="bbox 18 3086 1139 3284">
    <p class='ocr_par' dir='ltr' id='par_1_7' title="bbox 18 3086 1139 3284">
     <span class='ocr_line' id='line_1_23' title="bbox 18 3086 1139 3172; baseline -0.001 -22"><span class='ocrx_word' id='word_1_161' title='bbox 18 3087 19 3104; x_wconf 64' lang='lat'>¹</span> <span class='ocrx_word' id='word_1_162' title='bbox 110 3086 275 3151; x_wconf 87' lang='lat' dir='ltr'><strong>instituta:</strong></span> <span class='ocrx_word' id='word_1_163' title='bbox 294 3107 403 3171; x_wconf 90' lang='lat' dir='ltr'><strong>.saepe</strong></span> <span class='ocrx_word' id='word_1_164' title='bbox 433 3110 453 3153; x_wconf 89' lang='lat' dir='ltr'><strong>a</strong></span> <span class='ocrx_word' id='word_1_165' title='bbox 481 3087 700 3166; x_wconf 74' lang='lat' dir='ltr'><strong>facilioribus,</strong></span> <span class='ocrx_word' id='word_1_166' title='bbox 741 3086 840 3172; x_wconf 78' lang='lat' dir='ltr'><strong>vulgo</strong></span> <span class='ocrx_word' id='word_1_167' title='bbox 869 3088 971 3167; x_wconf 64' lang='lat' dir='ltr'><strong>nom,</strong></span> <span class='ocrx_word' id='word_1_168' title='bbox 1005 3109 1023 3150; x_wconf 84' lang='lat' dir='ltr'><strong>n</strong></span> <span class='ocrx_word' id='word_1_169' title='bbox 1055 3088 1139 3151; x_wconf 81' lang='lat' dir='ltr'><strong>vitae</strong></span> 
     </span>
     <span class='ocr_line' id='line_1_24' title="bbox 18 3198 1139 3284; baseline -0.004 -19"><span class='ocrx_word' id='word_1_170' title='bbox 18 3211 19 3258; x_wconf 74' lang='lat' dir='ltr'><strong>t</strong></span> <span class='ocrx_word' id='word_1_171' title='bbox 112 3199 290 3266; x_wconf 87' lang='lat' dir='ltr'><strong>communis</strong></span> <span class='ocrx_word' id='word_1_172' title='bbox 318 3199 538 3266; x_wconf 82' lang='lat' dir='ltr'><strong>observatione</strong></span> <span class='ocrx_word' id='word_1_173' title='bbox 562 3199 708 3278; x_wconf 82' lang='lat' dir='ltr'><strong>ordiens,</strong></span> <span class='ocrx_word' id='word_1_174' title='bbox 742 3198 918 3284; x_wconf 79' lang='lat' dir='ltr'><strong>paulatim,</strong></span> <span class='ocrx_word' id='word_1_175' title='bbox 952 3218 1014 3262; x_wconf 91' lang='lat' dir='ltr'><strong>nec</strong></span> <span class='ocrx_word' id='word_1_176' title='bbox 1042 3219 1139 3283; x_wconf 75' lang='lat' dir='ltr'><strong>aegro</strong></span> 
     </span>
    </p>
   </div>
   <div class='ocr_carea' id='block_1_8' title="bbox 18 3311 1204 4199">
    <p class='ocr_par' dir='ltr' id='par_1_8' title="bbox 18 3311 1204 4199">
     <span class='ocr_line' id='line_1_25' title="bbox 18 3311 1139 3400; baseline -0.003 -23"><span class='ocrx_word' id='word_1_177' title='bbox 18 3383 19 3400; x_wconf 16' lang='grc' dir='ltr'>ἶ</span> <span class='ocrx_word' id='word_1_178' title='bbox 112 3313 320 3400; x_wconf 88' lang='lat' dir='ltr'><strong>sequentibus</strong></span> <span class='ocrx_word' id='word_1_179' title='bbox 346 3312 531 3398; x_wconf 80' lang='lat' dir='ltr'><strong>discipulis,</strong></span> <span class='ocrx_word' id='word_1_180' title='bbox 566 3312 606 3379; x_wconf 92' lang='lat' dir='ltr'><strong>ad</strong></span> <span class='ocrx_word' id='word_1_181' title='bbox 626 3311 808 3378; x_wconf 79' lang='lat' dir='ltr'><strong>difficiliora</strong></span> <span class='ocrx_word' id='word_1_182' title='bbox 835 3321 867 3374; x_wconf 90' lang='lat' dir='ltr'><strong>ot</strong></span> <span class='ocrx_word' id='word_1_183' title='bbox 893 3312 1038 3397; x_wconf 83' lang='lat' dir='ltr'><strong>graviora</strong></span> <span class='ocrx_word' id='word_1_184' title='bbox 1062 3331 1139 3395; x_wconf 93' lang='lat' dir='ltr'><strong>pro·</strong></span> 
     </span>
     <span class='ocr_line' id='line_1_26' title="bbox 113 3425 1140 3514; baseline -0.001 -23"><span class='ocrx_word' id='word_1_185' title='bbox 113 3425 340 3514; x_wconf 83' lang='lat' dir='ltr'><strong>grediebatur,</strong></span> <span class='ocrx_word' id='word_1_186' title='bbox 364 3426 563 3513; x_wconf 87' lang='lat' dir='ltr'><strong>dequibus,</strong></span> <span class='ocrx_word' id='word_1_187' title='bbox 587 3426 731 3495; x_wconf 85' lang='lat' dir='ltr'><strong>historici</strong></span> <span class='ocrx_word' id='word_1_188' title='bbox 756 3426 929 3513; x_wconf 83' lang='lat' dir='ltr'><strong>praecipue</strong></span> <span class='ocrx_word' id='word_1_189' title='bbox 956 3425 1140 3512; x_wconf 77' lang='lat' dir='ltr'><strong>argumenti</strong></span> 
     </span>
     <span class='ocr_line' id='line_1_27' title="bbox 112 3538 1138 3628; baseline -0.002 -22"><span class='ocrx_word' id='word_1_190' title='bbox 112 3540 375 3628; x_wconf 80' lang='lat' dir='ltr'><strong>quaestionibus,</strong></span> <span class='ocrx_word' id='word_1_191' title='bbox 399 3553 436 3606; x_wconf 87' lang='lat' dir='ltr'><strong>ut</strong></span> <span class='ocrx_word' id='word_1_192' title='bbox 454 3563 544 3607; x_wconf 85' lang='lat' dir='ltr'><strong>suem</strong></span> <span class='ocrx_word' id='word_1_193' title='bbox 565 3542 626 3627; x_wconf 90' lang='lat' dir='ltr'><strong>ipsi</strong></span> <span class='ocrx_word' id='word_1_194' title='bbox 642 3541 832 3617; x_wconf 72' lang='lat' dir='ltr'><strong>sententiam</strong></span> <span class='ocrx_word' id='word_1_195' title='bbox 850 3538 1021 3609; x_wconf 87' lang='lat' dir='ltr'><strong>scribendo</strong></span> <span class='ocrx_word' id='word_1_196' title='bbox 1035 3559 1138 3626; x_wconf 85' lang='lat' dir='ltr'><strong>expo·</strong></span> 
     </span>
     <span class='ocr_line' id='line_1_28' title="bbox 19 3635 1204 3756; baseline -0.001 -36"><span class='ocrx_word' id='word_1_197' title='bbox 19 3735 20 3756; x_wconf 13' lang='grc' dir='ltr'><strong>Χ</strong></span> <span class='ocrx_word' id='word_1_198' title='bbox 112 3666 245 3736; x_wconf 91' lang='lat' dir='ltr'><strong>nerent,</strong></span> <span class='ocrx_word' id='word_1_199' title='bbox 279 3653 454 3723; x_wconf 89' lang='lat' dir='ltr'><strong>identidem</strong></span> <span class='ocrx_word' id='word_1_200' title='bbox 481 3635 594 3722; x_wconf 82' lang='lat' dir='ltr'><strong>auctor</strong></span> <span class='ocrx_word' id='word_1_201' title='bbox 621 3666 699 3722; x_wconf 87' lang='lat' dir='ltr'><strong>crat.</strong></span> <span class='ocrx_word' id='word_1_202' title='bbox 746 3655 825 3720; x_wconf 82' lang='lat' dir='ltr'><strong>liam</strong></span> <span class='ocrx_word' id='word_1_203' title='bbox 852 3655 939 3720; x_wconf 73' lang='lat' dir='ltr'><strong>vada</strong></span> <span class='ocrx_word' id='word_1_204' title='bbox 962 3652 1138 3721; x_wconf 88' lang='lat' dir='ltr'><strong>domestica</strong></span> <span class='ocrx_word' id='word_1_205' title='bbox 1200 3671 1204 3674; x_wconf 83' lang='grc'><em>·</em></span> 
     </span>
     <span class='ocr_line' id='line_1_29' title="bbox 19 3759 1138 3856; baseline -0.002 -22"><span class='ocrx_word' id='word_1_206' title='bbox 19 3759 20 3796; x_wconf 71' lang='lat'>³</span> <span class='ocrx_word' id='word_1_207' title='bbox 112 3769 217 3851; x_wconf 80' lang='lat' dir='ltr'><strong>studio</strong></span> <span class='ocrx_word' id='word_1_208' title='bbox 233 3790 293 3855; x_wconf 91' lang='lat' dir='ltr'><strong>pro</strong></span> <span class='ocrx_word' id='word_1_209' title='bbox 313 3769 399 3834; x_wconf 84' lang='lat' dir='ltr'><strong>vario</strong></span> <span class='ocrx_word' id='word_1_210' title='bbox 418 3769 538 3856; x_wconf 90' lang='lat' dir='ltr'><strong>cuique</strong></span> <span class='ocrx_word' id='word_1_211' title='bbox 562 3769 692 3856; x_wconf 81' lang='lat' dir='ltr'><strong>ingenio</strong></span> <span class='ocrx_word' id='word_1_212' title='bbox 713 3768 919 3836; x_wconf 75' lang='lat' dir='ltr'><strong>vehementer</strong></span> <span class='ocrx_word' id='word_1_213' title='bbox 935 3766 1138 3834; x_wconf 86' lang='lat' dir='ltr'><strong>commenda·</strong></span> 
     </span>
     <span class='ocr_line' id='line_1_30' title="bbox 19 3881 1138 3986; baseline -0.004 -37"><span class='ocrx_word' id='word_1_214' title='bbox 19 3917 20 3986; x_wconf 54' lang='lat' dir='ltr'><strong>p</strong></span> <span class='ocrx_word' id='word_1_215' title='bbox 111 3882 185 3972; x_wconf 84' lang='lat' dir='ltr'><strong>bat,</strong></span> <span class='ocrx_word' id='word_1_216' title='bbox 221 3895 253 3949; x_wconf 89' lang='lat' dir='ltr'><strong>et</strong></span> <span class='ocrx_word' id='word_1_217' title='bbox 281 3883 405 3948; x_wconf 84' lang='lat' dir='ltr'><strong>diverso</strong></span> <span class='ocrx_word' id='word_1_218' title='bbox 434 3884 566 3950; x_wconf 75' lang='lat' dir='ltr'><strong>cavebat</strong></span> <span class='ocrx_word' id='word_1_219' title='bbox 591 3881 704 3962; x_wconf 91' lang='lat' dir='ltr'><strong>modo,</strong></span> <span class='ocrx_word' id='word_1_220' title='bbox 733 3904 777 3978; x_wconf 86' lang='lat' dir='ltr'><strong>ne</strong></span> <span class='ocrx_word' id='word_1_221' title='bbox 807 3881 954 3946; x_wconf 89' lang='lat' dir='ltr'><strong>omnibus</strong></span> <span class='ocrx_word' id='word_1_222' title='bbox 973 3891 1138 3965; x_wconf 81' lang='lat' dir='ltr'><strong>tamquam</strong></span> 
     </span>
     <span class='ocr_line' id='line_1_31' title="bbox 19 3974 1136 4084; baseline -0.006 -20"><span class='ocrx_word' id='word_1_223' title='bbox 19 4001 21 4034; x_wconf 57' lang='lat' dir='ltr'><strong>r</strong></span> <span class='ocrx_word' id='word_1_224' title='bbox 111 4000 229 4084; x_wconf 83' lang='lat' dir='ltr'><strong>paretis</strong></span> <span class='ocrx_word' id='word_1_225' title='bbox 245 3998 440 4066; x_wconf 79' lang='lat' dir='ltr'><strong>frueremur.</strong></span> <span class='ocrx_word' id='word_1_226' title='bbox 486 3974 611 4080; x_wconf 90' lang='lat' dir='ltr'><strong>Quare</strong></span> <span class='ocrx_word' id='word_1_227' title='bbox 627 3997 773 4082; x_wconf 89' lang='lat' dir='ltr'><strong>plurimis</strong></span> <span class='ocrx_word' id='word_1_228' title='bbox 790 3995 912 4081; x_wconf 82' lang='lat' dir='ltr'><strong>profuit</strong></span> <span class='ocrx_word' id='word_1_229' title='bbox 940 3994 1136 4080; x_wconf 86' lang='lat' dir='ltr'><strong>plurimum,</strong></span> 
     </span>
     <span class='ocr_line' id='line_1_32' title="bbox 111 4107 1135 4199; baseline -0.007 -20"><span class='ocrx_word' id='word_1_230' title='bbox 111 4114 220 4199; x_wconf 87' lang='lat' dir='ltr'><strong>prouti</strong></span> <span class='ocrx_word' id='word_1_231' title='bbox 245 4113 432 4199; x_wconf 86' lang='lat' dir='ltr'><strong>scriptiones</strong></span> <span class='ocrx_word' id='word_1_232' title='bbox 452 4134 479 4178; x_wconf 87' lang='lat' dir='ltr'><strong>s.</strong></span> <span class='ocrx_word' id='word_1_233' title='bbox 493 4133 519 4177; x_wconf 89' lang='lat' dir='ltr'><strong>c.</strong></span> <span class='ocrx_word' id='word_1_234' title='bbox 540 4133 596 4176; x_wconf 89' lang='lat' dir='ltr'><strong>eae</strong></span> <span class='ocrx_word' id='word_1_235' title='bbox 614 4109 808 4191; x_wconf 88' lang='lat' dir='ltr'><strong>ostendunt,</strong></span> <span class='ocrx_word' id='word_1_236' title='bbox 833 4129 911 4195; x_wconf 88' lang='lat' dir='ltr'><strong>quas</strong></span> <span class='ocrx_word' id='word_1_237' title='bbox 933 4107 1135 4195; x_wconf 83' lang='lat' dir='ltr'><strong>cdiseipulis</strong></span> 
     </span>
    </p>
   </div>
   <div class='ocr_carea' id='block_1_9' title="bbox 112 4223 1135 4315">
    <p class='ocr_par' dir='ltr' id='par_1_9' title="bbox 112 4223 1135 4315">
     <span class='ocr_line' id='line_1_33' title="bbox 112 4223 1135 4315; baseline -0.007 -23"><span class='ocrx_word' id='word_1_238' title='bbox 112 4229 237 4315; x_wconf 86' lang='lat' dir='ltr'><strong>accepit</strong></span> <span class='ocrx_word' id='word_1_239' title='bbox 262 4225 457 4315; x_wconf 87' lang='lat' dir='ltr'><strong>permultos,</strong></span> <span class='ocrx_word' id='word_1_240' title='bbox 489 4227 675 4312; x_wconf 83' lang='lat' dir='ltr'><strong>compositos</strong></span> <span class='ocrx_word' id='word_1_241' title='bbox 717 4235 787 4289; x_wconf 84' lang='lat' dir='ltr'><strong>tum</strong></span> <span class='ocrx_word' id='word_1_242' title='bbox 817 4223 940 4310; x_wconf 77' lang='lat' dir='ltr'><strong>vulgari</strong></span> <span class='ocrx_word' id='word_1_243' title='bbox 966 4234 1034 4288; x_wconf 89' lang='lat' dir='ltr'><strong>tum</strong></span> <span class='ocrx_word' id='word_1_244' title='bbox 1068 4224 1135 4308; x_wconf 89' lang='lat' dir='ltr'><strong>epi·</strong></span> 
     </span>
    </p>
   </div>
   <div class='ocr_carea' id='block_1_10' title="bbox 0 0 1442 5075">
    <p class='ocr_par' dir='ltr' id='par_1_10' title="bbox 0 0 1442 5075">
     <span class='ocr_line' id='line_1_34' title="bbox 0 0 1442 5075; baseline 0 3"><span class='ocrx_word' id='word_1_245' title='bbox 0 0 1442 5075; x_wconf 95' lang='lat' dir='ltr'><strong> </strong></span> 
     </span>
    </p>
   </div>
  </div>
 </body>
</html>
