2875 5075
733 512 795 575 ao
863 472 867 477 ’

259 688 305 751 sic
335 686 528 749 mentionem
553 682 593 747 de
616 683 840 748 communibus
869 681 969 746 literis
989 682 1126 762 famens,
1151 694 1189 748 ut
1203 683 1290 747 iace·

259 801 377 864 tiarum
393 797 533 883 leporem
554 796 640 861 haud
659 804 843 883 respueret,
857 813 1043 884 'numquam
1058 797 1091 859 in
1116 797 1291 861 scurrilita-

258 923 343 993 tem,
374 910 493 977 nedum
516 911 551 974 in
584 909 738 975 indecora
756 910 928 989 delabens,
953 931 1050 995 porro
1070 909 1290 991 candidus,a
1350 942 1353 948 ·
1421 969 1422 1012 3

144 1063 147 1069 ,
257 1026 406 1112 superbia
424 1023 511 1089 haud
532 1024 665 1089 alienior
684 1046 782 1111 quarn
801 1025 843 1089 ab
865 1024 1066 1105 adulatione,
1090 1024 1171 1088 nihil
1183 1027 1291 1111 suspi-

210 1134 214 1140 ’
257 1161 335 1219 car,
361 1139 607 1205 offensiunculas
629 1139 746 1224 etipse
769 1139 884 1203 leniter
903 1139 1009 1203 lerens
1028 1149 1060 1202 et
1075 1137 1115 1201 ad
1126 1138 1292 1203 lenitatem

256 1276 296 1319 ac
320 1252 573 1317 benevolentiam
600 1263 731 1331 auctor,
766 1250 900 1318 suorum
925 1264 1032 1317 tamen
1055 1252 1117 1317 sibi
1142 1252 1291 1317 conscius

254 1369 510 1455 pre‘rsor'piorom
553 1365 810 1452 eorumdemque
855 1369 890 1431 in
938 1366 1064 1454 agendo
1106 1378 1224 1447 tenax,
1264 1368 1291 1431 is

257 1482 386 1547 omnino
411 1480 526 1546 sodalis
554 1490 640 1559 erat,
677 1502 775 1569 quem
804 1493 837 1547 et
868 1483 1016 1568 excipere
1039 1492 1072 1544 et
1087 1480 1176 1545 adire
1193 1481 1292 1568 longe

258 1596 473 1682 gratissimum
501 1592 691 1660 habebatur.
706 1591 733 1682 ¹)
769 1594 892 1677 Quodsi
914 1616 990 1659 cum
1009 1596 1207 1680 paucissimis
1227 1595 1292 1659 illis
1326 1608 1330 1613 ’

208 1688 210 1691 V
258 1730 322 1773 una
338 1718 438 1787 esset,
461 1707 655 1793 quibuscum
671 1707 784 1773 intima
800 1708 1016 1774 familiaritate
1033 1731 1067 1773 se
1081 1687 1292 1793 conjunctum

258 1822 434 1901 sentiebat,
477 1822 644 1901 Stratenn,
684 1819 760 1889 Obr.
782 1822 855 1889 toh.
884 1822 1076 1903 Vaillantio,
1115 1822 1290 1900 (lliffcrtio,

259 1948 327 2001 tum
350 1957 424 2001 vero
442 1937 539 2001 animi
558 1934 599 1999 ad
617 1957 749 2001 omnem,
765 1937 894 2001 omnino
918 1937 1162 2023 explicabantur
1181 1937 1293 2001 amici·

258 2050 320 2113 tiae
339 2070 404 2121 nou
420 2060 545 2115 tantum
562 2048 770 2114 dulcedinem
788 2052 1007 2116 verumetiam
1019 2051 1210 2130 utilitatem,
1235 2052 1291 2115 ubi

217 2222 219 2225 .
258 2184 291 2227 se
311 2166 448 2250 quisque
468 2164 499 2227 in
523 2164 625 2229 altero
648 2166 859 2249 contemplari
876 2166 990 2251 gestit,
1015 2176 1046 2229 et
1067 2165 1149 2229 haec
1168 2165 1291 2231 radices

258 2277 345 2362 capit
373 2279 555 2363 persuasio,
586 2280 784 2343 amicitiam
801 2271 804 2276 ’
820 2281 896 2343 oiri
932 2282 973 2343 in
1010 2279 1106 2344 bonis
1132 2301 1293 2345 essenon

256 2414 365 2478 posse.

304 2506 367 2572 Sed
390 2506 447 2596 qui
464 2506 525 2574 hac
543 2507 714 2583 voluntatis
731 2507 963 2595 significatione
978 2531 998 2573 a
1017 2505 1293 2595 praestantissimis

261 2620 433 2686 ornabatur
465 2620 709 2706 condiscipulis,
744 2623 849 2708 qualis
873 2623 1002 2688 undem
1025 2624 1154 2688 erariis
1168 2623 1294 2708 'dijudi-

248 2721 354 2798 'candi
385 2734 677 2820 opportunitatibus
705 2735 789 2799 deus
809 2750 858 2799 est
874 2737 1147 2822 Wyttenbachiol
1170 2739 1292 2822 Dignus

260 2848 412 2912 interiore
441 2847 651 2927 admissione,
688 2847 804 2934 dignus
835 2870 976 2936 quocum
1001 2853 1203 2939 praeceptori
1228 2853 1292 2916 sin·
1322 2913 1324 2917 Α

262 2961 380 3048 gularis
420 2960 661 3026 benevolentiae
699 2963 901 3028 necessitudo
935 2964 1169 3046 intercederet,
1211 2965 1293 3032 adeo

228 3073 231 3080 ’
261 3087 297 3141 ut
327 3074 475 3160 privatim
501 3074 550 3137 illi
580 3073 668 3140 hunc
694 3076 783 3142 adire
801 3088 834 3141 et
853 3071 967 3143 eximie
977 3087 1114 3164 'prorsus
1131 3081 1166 3142 in
1187 3080 1295 3145 studio

260 3169 447 3267 literarum,
492 3189 526 3253 in
558 3188 664 3254 studio
693 3192 880 3275 praesertim
908 3193 1065 3272 Platonis,
1097 3195 1295 3287 amagistro

256 3303 364 3386 jurari
389 3304 600 3390 contingeret.
628 3304 697 3368 Hoc
726 3307 759 3367 in
791 3305 1031 3392 Wyttenbncbii
1058 3307 1156 3372 fiebat
1177 3305 1295 3372 biblio·

261 3417 356 3481 theca
382 3419 521 3503 vesperis
550 3416 634 3495 illis,
670 3438 807 3503 quarum
837 3440 997 3485 summum
1018 3421 1078 3486 sibi
1096 3433 1296 3488 momentum

261 3528 420 3594 Heusdius
443 3551 499 3594 nes
525 3530 625 3594 latere
644 3530 768 3612 noluit,
793 3553 853 3619 ego
876 3543 983 3598 autem
1008 3536 1128 3602 carebo
1146 3557 1188 3600 ne
1204 3557 1293 3602 meo·

270 3751 466 3762 -ι--ο--ι-η

297 3896 324 3961 1)
342 3899 406 3950 llaec
433 3899 548 3962 cognatis
571 3903 645 3949 vetus
665 3901 803 3952 affirmavit
818 3902 1009 3969 condiscipulus
1024 3906 1051 3955 T.
1074 3906 1128 3955 Van
1151 3902 1201 3956 ber
1219 3906 1287 3956 leon

261 3985 336 4033 lctus
359 3985 612 4051 Amstelodamensis‚
641 3987 685 4049 qui
712 4003 759 4050 pro
791 3987 913 4050 singulari
937 4005 997 4052 erga
1011 3991 1149 4040 lleusdium
1163 4007 1237 4040 suum
1250 3991 1295 4040 ob-

261 4069 385 4118 servantia
421 4069 454 4118 de
494 4072 692 4122 commoratione
724 4073 952 4124 Amstelodsmenai
989 4077 1069 4125 multa
1098 4091 1199 4126 meeum
1225 4093 1295 4126 corn·

264 4155 418 4203 munieanda
443 4157 559 4220 curarit,
584 4158 678 4222 quibus
702 4158 821 4222 equidem
842 4165 930 4222 gratus
953 4162 1049 4211 inbre
1073 4163 1212 4228 scriptione
1232 4178 1295 4212 usus

261 4255 324 4289 sum.
407 4263 410 4273 =
