2875 5075
761 513 826 577 284

281 706 380 774 quam
406 709 424 751 a
448 684 643 771 pbilosophis
661 688 694 750 in
713 687 824 771 primis
841 705 948 771 speres
969 696 1004 749 ut
1024 686 1157 751 memori
1177 696 1308 771 pectore

283 801 472 867 condantur.
516 802 624 882 Quum
653 801 739 863 enim
765 800 910 885 priorum
931 797 1190 885 disquisitionum
1216 800 1308 867 initio

283 917 471 1000 optavisset,
491 926 527 979 ut
545 914 685 979 Socratis
708 915 803 1000 genio
825 915 1034 992 retineretur,
1059 914 1085 979 si
1103 914 1186 978 forte
1206 914 1307 994 ultra,

282 1050 381 1115 quam
407 1029 558 1107 deerret,
583 1050 812 1115 progressurus
838 1041 941 1108 esset,
972 1050 990 1093 s<
1000 1028 1056 1094 illa
1082 1060 1119 1079 υ·
1140 1029 1249 1115 inquit
1276 1064 1310 1081 «-

280 1143 684 1209 abstinentiaesalubritas
707 1163 785 1208 num
805 1144 895 1209 nobis
919 1143 991 1208 ,illio
1016 1143 1185 1229 obtigerit,
1212 1165 1309 1229 penes

282 1258 361 1323 alios
374 1258 535 1341 judicium
560 1260 640 1337 erit;
664 1257 719 1323 sed
738 1258 950 1323 necessariam
975 1258 1154 1343 unicuique
1177 1269 1211 1323 et
1235 1278 1309 1323 sero

282 1372 473 1459 philosopho
489 1373 587 1437 talem
599 1373 755 1437 cautionis
774 1384 806 1437 et
824 1362 1012 1458 ἐγκρατείας
1026 1372 1212 1438 facultatem
1222 1394 1308 1452 esse,

281 1486 315 1553 id
343 1490 411 1573 ipsa
439 1488 530 1553 nohis
554 1488 732 1573 persuasit,
755 1508 853 1573 quam
877 1487 1090 1567 instituimus,
1113 1487 1307 1575 disquisitio.

283 1602 405 1669 Genius
416 1602 472 1667 ille
492 1603 517 1665 si
525 1602 659 1689 quidem
674 1613 831 1688 perpetuo
842 1601 971 1667 scholae
979 1602 1163 1667 Socraticae
1180 1623 1309 1667 earum·-

283 1736 367 1803 que,
392 1738 476 1804 quae
495 1716 571 1781 inde
588 1715 798 1803 prodierunt,
815 1716 997 1783 scholarum
1014 1736 1125 1782 curam
1142 1716 1307 1803 gessisset,

282 1842 422 1917 quantae
443 1832 582 1897 levitatis
598 1843 630 1895 et
649 1832 835 1897 temeritatis
852 1832 1011 1896 immunes
1036 1832 1219 1922 onninew
1238 1830 1311 1916 phi·

283 1945 409 2031 losophi
426 1945 576 2012 luissent!
606 1946 755 2012 Proiecto
771 1945 856 2011 illud
873 1946 977 2029 poet
992 1935 1130 2011 narreris
1145 1944 1311 2031 praecepti

283 2060 346 2123 rim
366 2060 575 2140 obtinuisset,
600 2072 637 2125 ut
666 2081 684 2123 e
708 2060 804 2144 justis
825 2060 992 2145 principiis
1013 2061 1140 2140 omnia,
1163 2081 1249 2148 qnae
1270 2058 1310 2123 ad

282 2174 445 2239 hominem
466 2176 651 2260 pertinent,
676 2173 890 2254 ducerentur,
916 2192 977 2239 nee
998 2194 1074 2240 vero
1097 2186 1234 2239 conatus
1258 2196 1310 2239 sn·

169 2284 176 2308 '
283 2310 340 2375 pra
368 2290 451 2353 sires
472 2290 589 2374 prolati
608 2300 684 2367 aut,
703 2311 787 2375 quae
806 2290 1023 2369 nescirentur,
1046 2288 1122 2354 sciri
1144 2290 1211 2353 risa
1228 2289 1311 2353 fuis—

283 2415 361 2469 sent.
383 2404 567 2491 Numquam
588 2403 790 2489 philosophia
809 2405 957 2469 esamset
976 2405 1164 2491 disciplina,
1190 2403 1311 2469 uedssm

280 2542 405 2584 summa
423 2518 611 2606 disciplina,
630 2518 686 2583 sed
709 2518 909 2606 philosophia
922 2521 1104 2600 mansisset,
1120 2541 1184 2584 nec
1203 2518 1309 2606 philo·

279 2611 417 2720 sophum
438 2634 479 2698 de
493 2636 548 2710 ,ria
564 2633 723 2699 decedere
740 2635 879 2713 sirlrsm,
900 2656 969 2720 qua
986 2633 1027 2698 ad
1047 2656 1204 2699 summam
1221 2634 1311 2699 illam

279 2748 502 2833 disciplinam,
532 2747 575 2814 ad
598 2751 703 2834 ipsam
735 2750 944 2838 sapientiam,
975 2751 1063 2813 lente
1090 2747 1148 2813 sed
1173 2748 1308 2813 firmiter

282 2875 442 2948 pergeret.
482 2865 554 2927 Non
571 2875 691 2927 temere
719 2865 792 2949 qais
812 2864 853 2929 ad
877 2865 980 2929 Deum
1009 2887 1043 2929 se
1071 2866 1241 2944 erexisset,
1273 2874 1309 2928 ut

281 3000 299 3042 e
320 2979 432 3042 llisina
454 2979 596 3057 Natura,
616 2999 655 3042 ac
674 2978 701 3040 ei
722 2979 791 3062 ipse
809 2979 895 3043 lleus
914 2991 1014 3059 esset,
1036 2981 1142 3044 omnia
1170 2979 1308 3064 expliea-

280 3106 350 3173 ret,
377 3114 488 3158 rerum
514 3105 613 3159 semet
630 3096 701 3180 ipso
719 3106 821 3180 atque
842 3093 973 3158 bomine
990 3093 1188 3180 explorando
1205 3095 1306 3179 magis

280 3211 446 3296 magisque
466 3209 692 3289 intellexisset,
718 3231 803 3295 qnae
818 3211 867 3296 sit¹
880 3230 988 3273 rerum
1007 3208 1187 3276 divinarum
1205 3209 1305 3288 ratio;

279 3333 470 3409 tantumque
496 3324 651 3390 abluisset
673 3333 711 3388 ut
734 3335 875 3410 potasset
891 3345 927 3387 se
947 3343 1102 3389 summam
1122 3325 1309 3409 sapientiam

277 3449 460 3502 assecutum
480 3459 568 3516 esse,
591 3450 629 3503 ut
655 3450 767 3504 eontra
784 3451 887 3503 semet
906 3440 1013 3525 ipsulm
1039 3439 1212 3506 emendare
1239 3449 1307 3503 stu·

278 3551 401 3617 duisset
418 3551 459 3616 ad
473 3552 721 3618 similitudinem
744 3533 817 3619 eir·
837 3555 950 3618 llisina
971 3555 1091 3619 Natura
1118 3553 1219 3640 magis
1242 3576 1309 3618 ma·

278 3669 394 3754 g'mque
407 3667 666 3754 promerendam.
693 3669 845 3734 Omru'um
862 3689 937 3734 rere
955 3670 1086 3734 minime
1104 3668 1144 3733 ad
1155 3691 1226 3733 eam
1236 3671 1310 3755 quis

279 3783 455 3868 proruisset
474 3785 704 3863 temeritatem,
726 3805 810 3870 qnae
826 3796 960 3864 cuncta,
985 3785 1064 3870 quin
1083 3786 1187 3868 ipsum
1205 3784 1311 3848 Deum

279 3922 301 3962 α
323 3901 442 3984 priori
449 3949 458 3980 ,
478 3909 515 3963 ut
534 3899 710 3984 putabant,
733 3899 794 3962 sihi
812 3920 990 3986 proponere
1010 3911 1042 3963 et
1069 3897 1110 3964 ad
1130 3898 1215 3963 hano
1235 3921 1312 3962 nor-

278 4031 363 4078 mam
377 4033 428 4078 res
445 4013 599 4079 humanas
611 4016 836 4099 numes,ipsas
855 4013 935 4079 adeo
954 4014 1142 4100 religiones,
1160 4011 1311 4078 ordinare

283 4139 315 4190 et
338 4129 509 4194 informare
536 4153 611 4196 ausa
636 4141 694 4198 est.
736 4131 822 4195 Haec
841 4131 947 4196 omnia
970 4131 1086 4195 evitata
1111 4129 1266 4207 fuissent,
1284 4130 1309 4191 si

282 4241 421 4307 Socratis
451 4247 579 4330 genius,
613 4245 652 4311 ad
682 4245 883 4312 retinendum
913 4256 945 4309 et
973 4245 1181 4312 avertendam
1211 4245 1309 4309 unice
