2875 5075
594 526 597 537 '
617 516 679 577 201

135 708 243 775 neque
254 688 421 775 discipulis
430 709 538 775 neque
558 687 774 767 orbierudito
790 688 931 756 multum
946 710 1042 774 porro
1051 691 1165 777 profu·

134 816 244 872 turum
263 822 340 879 esse,
355 800 381 889 ¹)
407 779 499 881 liaeo
512 824 592 881 vox,
615 803 757 888 eorporis
778 803 911 870 formose
929 802 1113 870 infirmitate
1131 817 1164 871 et

134 920 246 993 aetatis
258 917 451 1003 cogitatione
460 928 648 1003 provocata,
661 918 752 983 obitu
763 928 871 981 autem
883 918 941 1003 qui
950 940 1020 985 mox
1033 930 1166 988 secutus

133 1045 182 1099 est
203 1034 248 1097 ita
261 1034 402 1109 sancite,
421 1045 458 1097 ut
468 1033 613 1106 instantis
633 1034 744 1097 mortis
762 1043 924 1117 tamquam
941 1034 1165 1117 praesensione

133 1145 1166 1234 quademexpreesssideretur‚eaigiturvorparumoongruebat
1196 1138 1204 1149 ⁴

131 1262 289 1349 singulari
298 1262 413 1328 mentis
423 1248 599 1340 alacritas,
618 1282 701 1347 quae
709 1260 834 1326 interea
841 1280 923 1331 nona
933 1262 1076 1347 agitabat
1087 1284 1165 1329 oon-

132 1377 222 1457 silio,
234 1377 361 1463 alisque
372 1396 410 1441 ex
421 1376 492 1444 aliis
500 1376 564 1439 sire
573 1374 745 1441 inchoabat
758 1376 823 1442 sive
836 1375 1020 1446 elaborabat
1030 1378 1167 1462 scripte.

15 1564 16 1567 Ἴ
174 1492 335 1559 Continuo
360 1490 394 1555 in
418 1501 557 1555 mentem
583 1490 715 1561 veniunt
735 1490 1010 1558 characterom
1024 1494 1165 1577 prinoi-

127 1628 215 1693 pem
226 1605 519 1690 Philosophorum
533 1616 693 1670 oeteo-aens.
726 1604 823 1686 Quod
834 1604 1019 1689 opushaud
1036 1606 1165 1674 obsolu-

131 1731 203 1785 tum
214 1740 280 1785 esse
296 1720 363 1805 ipsa
375 1720 532 1787 Praelatio
543 1718 672 1789 indicat.
696 1719 885 1785 Triumviris
905 1720 1009 1799 euim,
1023 1733 1166 1806 quorum

131 1836 329 1901 notationem
347 1834 431 1901 illud
451 1836 614 1912 eontinet,
646 1833 808 1900 Heusdius
829 1834 971 1919 primum
991 1835 1115 1922 priseos
1130 1812 1166 1902 in

131 1950 269 2017 Graecia
284 1950 460 2036 sapientes,
473 1948 657 2030 Thaletem,
669 1949 921 2035 Xenophanem·
933 1949 1165 2036 Pythagoram,

131 2066 283 2131 Solonem
303 2065 383 2131 elios
412 2064 554 2149 adjicere
582 2064 790 2143 decreverat,
811 2064 852 2129 ad
873 2064 1066 2131 Societatem
1092 2065 1164 2131 Ar-

130 2180 381 2267 ehneologe'eom
404 2178 648 2247 Athenionem
664 2180 844 2265 scripturus
868 2158 1014 2250 criticam
1042 2179 1166 2246 hanooe

131 2295 173 2359 de
183 2294 405 2381 philosophiae
422 2294 510 2380 apud
526 2295 666 2361 Graecos
680 2294 781 2358 initiis
797 2294 1071 2381 disquisitionem,
1093 2307 1165 2359 tum

15 2494 16 2497 Ἴ
130 2411 345 2497 posteriorum
368 2409 522 2489 Zenonis,
546 2410 697 2493 Epicuri,
721 2408 894 2493 Pyrrhonis
913 2420 1165 2496 oeterorumque

129 2523 399 2612 philosophorum
417 2524 704 2594 characterismos
733 2522 959 2589 meditabatur.
991 2525 1164 2591 Praetereo

129 2640 340 2724 seriptionem
357 2637 544 2704 elaborabat
558 2635 801 2703 Neerlandioam
817 2637 912 2704 titulo
929 2640 1011 2702 nooe'
1029 2637 1166 2704 Temos

129 2753 324 2840 insignitum.
347 2753 543 2820 hPlatonioi
561 2752 636 2818 inde
647 2753 769 2818 Timaei
785 2753 983 2837 temporibus
999 2761 1103 2818 tantos
1115 2753 1163 2820 vi·

130 2867 229 2932 debat
255 2869 289 2932 in
319 2867 540 2954 philosophiae
567 2868 721 2934 naturalis
742 2866 849 2932 studio
865 2868 968 2932 laotos
997 2889 1064 2934 esse
1088 2889 1163 2952 pro-

131 3003 277 3069 gressos,
298 2993 333 3047 ut
345 3001 460 3070 operae
472 2983 613 3068 pretium
623 2994 754 3068 putaret
769 2981 1024 3048 sublimia'illius
1042 2981 1164 3068 dialogi

131 3097 173 3162 de
189 3097 356 3176 universo,
370 3097 410 3161 de
426 3097 509 3176 Deo,
526 3097 567 3164 de
581 3097 713 3162 homine
730 3109 921 3182 argumenta
935 3097 1053 3162 iterum
1070 3107 1102 3160 et
1111 3097 1163 3160 his

130 3211 282 3278 adhibitis
302 3211 523 3298 progressibus
539 3211 700 3297 persequi.
733 3209 772 3274 ld
792 3221 908 3288 eruut,
929 3212 986 3295 qui
1004 3210 1163 3278 mirentur

132 3327 315 3392 etalienum
332 3324 567 3413 quodammodo
579 3324 688 3389 dicant
706 3325 747 3388 ab
766 3324 824 3402 iis,
841 3345 919 3409 quas
932 3324 999 3408 ipse
1019 3324 1160 3403 colebat,

132 3441 319 3526 disciplinis.
366 3440 428 3505 Sed
459 3441 647 3532 neutiquam
673 3439 731 3510 ille
758 3439 925 3526 negligens
948 3459 1059 3502 eorum
1077 3438 1157 3516 fuit,

131 3555 217 3620 unde
244 3557 384 3640 universi
414 3556 560 3636 notitiam
599 3553 660 3618 sibi
693 3563 903 3638 compararet.
950 3552 1057 3641 Testes
1088 3563 1163 3617 sunt

131 3669 269 3736 schedae
286 3691 383 3736 manu
404 3672 561 3756 seriptee,
586 3669 627 3734 ab
653 3691 737 3734 enno
755 3667 831 3734 inde
860 3670 944 3732 1811
968 3669 1055 3733 vorin
1084 3689 1161 3731 oon·

133 3785 268 3850 tinentes
296 3781 516 3872 philosophiae
551 3783 703 3850 naturalis
739 3783 822 3849 loea.
868 3783 982 3870 Neque
1017 3780 1161 3846 inaudita

132 3901 294 3986 proferre,
323 3899 378 3964 sed
412 3900 566 3987 colligere
599 3877 740 3986 dispersa
770 3910 803 3964 et
818 3878 911 3965 'vitae
933 3909 1031 3985 atquo
1055 3908 1161 3962 motus

133 4121 338 4132 nau—un—-ffl

166 4263 193 4336 n
212 4273 238 4320 Ρ.
258 4271 316 4323 oo.
