2875 5075
612 533 677 595 219

165 700 273 787 Atque
283 700 367 765 baec
385 688 613 787 multis'patuit
631 706 664 766 in
682 705 857 791 conjugum
874 706 1064 770 liberalitate
1081 728 1147 770 ma·

117 812 255 900 jureque
289 816 406 879 amicos
444 814 582 901 hospitio
618 818 800 903 excipiendi
828 840 924 903 qnam
961 818 1147 886 eorumdem

121 924 260 1011 hospitio
271 926 381 991 utendi
392 927 514 1009 studic;
528 930 632 1015 patuit
642 942 750 995 autem
759 934 934 997 cultissimo
950 943 982 997 et
992 934 1148 997 honestis·

121 1039 200 1103 simo
220 1040 339 1127 cuique
358 1042 513 1120 maxime,
543 1044 654 1129 quales
681 1044 768 1109 haud
795 1046 892 1130 pauci
918 1047 1029 1111 intima
1055 1047 1148 1111 lami·

121 1154 260 1218 liaritate
277 1154 417 1221 Heuedio
441 1156 604 1240 conjuncti
626 1170 728 1225 erant.
760 1160 815 1223 His
840 1171 947 1225 autem
967 1180 1148 1224 sermonum

121 1267 287 1352 placebat,
312 1270 368 1355 qui
388 1270 457 1334 illic
475 1271 616 1336 Heusdio
636 1272 701 1335 sive
722 1284 896 1358 praeeunte
915 1273 980 1337 sive
999 1273 1147 1337 eliciente

122 1383 387 1463 conserebantur,
402 1383 636 1466 jucundissima
651 1387 685 1449 in
703 1408 826 1451 summa
844 1388 995 1451 varietate
1013 1386 1146 1451 utilitas.
1179 1438 1182 1443 .

121 1498 200 1563 Nam
220 1496 260 1561 de
279 1520 336 1563 sua
356 1498 494 1585 quisque
510 1508 579 1563 arte
599 1510 631 1564 et
650 1499 839 1586 disciplina,
863 1512 920 1566 ant
941 1499 1149 1584 e'multiplici
1249 1588 1253 1592 ⁵

122 1634 229 1687 rerum
262 1611 493 1698 bominumque
523 1635 605 1693 usu,
629 1616 799 1700 perspicue
825 1628 964 1701 apteque
990 1612 1148 1677 disserens

122 1738 232 1813 gratus
253 1737 321 1791 erat
343 1727 411 1790 viro
437 1724 622 1813 φιλομαθεῖ
638 1740 736 1815 atque
756 1729 790 1793 id
811 1731 917 1814 potius
941 1728 1069 1815 agenti,
1091 1738 1147 1805 ut,

121 1830 193 1927 quo'
210 1842 328 1927 singuli
349 1862 382 1905 se
403 1842 680 1921 commendarent,
703 1844 736 1907 in
755 1865 793 1908 eo
813 1841 1009 1929 exspatiandi
1030 1863 1147 1927 oppor-

82 1986 84 1993 ·
110 1944 241 2019 'tunitas
263 1967 360 2035 esset,
381 1974 477 2041 quam
496 1968 533 2019 ut
548 1957 656 2041 inepte
675 1978 730 2023 ecs
751 1958 881 2044 propria
902 1958 1055 2023 obrueret
1073 1977 1146 2019 eru·

74 2112 77 2117 -
122 2068 254 2135 ditione.
294 2070 377 2134 Hinc
404 2069 579 2155 plurimum
607 2070 767 2157 gaudebat
792 2084 887 2138 coetu
908 2073 966 2137 illc
985 2070 1145 2148 literaria,
1175 2122 1179 2132 .

122 2205 188 2269 qno
211 2184 346 2269 singulis
362 2184 511 2248 Mercurii
530 2184 643 2249 dicbus
654 2184 855 2272 jungebatur
866 2190 941 2251 cum
958 2184 1147 2249 doctissimis

123 2296 315 2383 quibusdam
336 2297 500 2362 nullarum
527 2318 590 2363 non
619 2298 862 2385 disciplinarum
885 2299 1074 2364 cultoribus.
1109 2298 1147 2360 ln

121 2410 171 2475 his
189 2411 388 2477 Schrttderus
405 2422 492 2491 erat,
510 2412 558 2474 vir
570 2413 700 2499 egregie
720 2413 865 2479 eruditus
884 2425 917 2477 et
931 2413 1069 2499 probus,
1093 2411 1147 2476 cui

122 2510 178 2590 ille
198 2528 232 2590 in
250 2502 474 2612 philosophia,
500 2526 558 2596 etsi
574 2548 817 2613 nonnumquam
834 2527 1040 2605 dissentiens,
1063 2524 1148 2589 mul·

121 2651 191 2706 turn
213 2663 247 2706 se
262 2641 380 2704 debere
398 2639 563 2704 affirmavit
575 2637 623 2726 1),
648 2661 834 2728 quemque,
854 2653 944 2707 certo
962 2642 1048 2720 scio,
1068 2641 1147 2704 ami·

121 2755 240 2820 cissimi
263 2755 341 2832 riri,
366 2754 422 2840 qui
442 2755 548 2840 ipsum
570 2756 604 2818 in
630 2755 744 2839 primis
765 2755 924 2841 suspexit,
945 2753 1147 2818 haud'facilc

122 2869 228 2954 capiet
245 2868 373 2935 oblivio.
405 2868 563 2960 Hensdius
581 2880 689 2933 autem
706 2871 860 2934 sermonis
876 2860 1048 2934 dulcedine
1068 2868 1147 2932 alios

122 3001 216 3068 saepe
252 2983 395 3062 tenebat,
429 2983 650 3069 et,1quandc
688 2983 860 3050 facundiae
894 2985 1000 3048 minus
1039 2981 1148 3045 indul·

123 3097 237 3183 gebat,
256 3097 424 3182 ‚peculiari
452 3109 559 3161 tamen
590 3098 740 3163 comitate
767 3098 938 3176 afferebat,
979 3095 1067 3183 quod
1093 3104 1148 3181 aut

122 3211 269 3276 acumine
297 3221 329 3274 et
358 3210 533 3296 elegantia,
566 3222 622 3274 aut
650 3210 851 3296 cogitationis
880 3211 1019 3274 novitate
1050 3220 1149 3294 atque

122 3337 283 3390 memento
294 3325 418 3410 insigne
435 3335 502 3389 erat
520 3323 716 3410 utiliumque
727 3345 825 3409 porro
841 3343 1024 3387 sermonum
1040 3343 1147 3386 ansam

122 3439 229 3506 dabat.
268 3439 359 3503 ttutti
390 3449 483 3524 saepe
514 3439 619 3502 mirati
646 3449 738 3517 sunt,
763 3459 847 3524 quae
875 3437 1058 3524 proferebat
1085 3459 1148 3501 non
1200 3460 1205 3468 ‘

122 3555 163 3618 dc
193 3555 231 3617 iis
262 3553 393 3632 studiis,
428 3555 461 3616 in
496 3552 613 3640 quihus
647 3551 793 3618 assiduus
824 3560 910 3633 erat,
945 3551 1001 3616 sed
1033 3551 1074 3616 de
1110 3551 1148 3614 iis

22 3757 23 3760 Ἴ
123 3669 283 3734 rariorum
302 3679 481 3753 temporum
501 3666 602 3752 potitis
617 3679 714 3753 atque
726 3656 955 3752 scriptoribus,
978 3668 1013 3730 in
1028 3665 1153 3753 quibus-

123 3783 235 3848 aetatis
259 3793 300 3846 et.
318 3781 453 3846 nationis
476 3781 633 3868 cujusque
659 3802 839 3867 expressam
861 3782 922 3846 sibi
947 3802 1080 3846 cernere
1102 3780 1148 3842 ri·

124 3897 259 3963 debatur
288 3898 480 3984 imaginem,
505 3908 575 3962 tum
604 3916 696 3976 vero,
721 3896 848 3983 siquid
870 3897 943 3962 nori
970 3894 1038 3960 dies
1064 3905 1149 3960 attu-

121 4109 327 4120 ι--η-...ι--υ

160 4253 185 4321 1)
205 4259 303 4307 Socrot.
322 4259 415 4308 Scluat
431 4259 480 4322 tv,
500 4255 558 4308 144.
