<?xml version="1.0" encoding="UTF-8"?>
<!DOCTYPE html PUBLIC "-//W3C//DTD XHTML 1.0 Transitional//EN"
    "http://www.w3.org/TR/xhtml1/DTD/xhtml1-transitional.dtd">
<html xmlns="http://www.w3.org/1999/xhtml" xml:lang="en" lang="en">
 <head>
  <title>
</title>
<meta http-equiv="Content-Type" content="text/html;charset=utf-8" />
  <meta name='ocr-system' content='tesseract 3.04.00' />
  <meta name='ocr-capabilities' content='ocr_page ocr_carea ocr_par ocr_line ocrx_word'/>
</head>
<body>
  <div class='ocr_page' id='page_1' title='image "./memoriaheusdii00rovegoog_0060.png"; bbox 0 0 2875 5075; ppageno 0'>
   <div class='ocr_carea' id='block_1_1' title="bbox 627 525 669 589">
    <p class='ocr_par' dir='ltr' id='par_1_1' title="bbox 627 525 669 589">
     <span class='ocr_line' id='line_1_1' title="bbox 627 525 669 589; baseline 0.024 -1"><span class='ocrx_word' id='word_1_1' title='bbox 627 525 669 589; x_wconf 77' lang='lat' dir='ltr'><strong>te</strong></span> 
     </span>
    </p>
   </div>
   <div class='ocr_carea' id='block_1_2' title="bbox 14 657 1162 786">
    <p class='ocr_par' dir='ltr' id='par_1_2' title="bbox 14 657 1162 786">
     <span class='ocr_line' id='line_1_2' title="bbox 14 657 1162 786; baseline 0.003 -25"><span class='ocrx_word' id='word_1_2' title='bbox 14 714 15 721; x_wconf 53' lang='lat'>¹</span> <span class='ocrx_word' id='word_1_3' title='bbox 126 697 215 762; x_wconf 89' lang='lat' dir='ltr'><strong>dium</strong></span> <span class='ocrx_word' id='word_1_4' title='bbox 242 696 310 781; x_wconf 85' lang='lat' dir='ltr'><strong>jam</strong></span> <span class='ocrx_word' id='word_1_5' title='bbox 344 718 438 763; x_wconf 88' lang='lat' dir='ltr'><strong>suum</strong></span> <span class='ocrx_word' id='word_1_6' title='bbox 466 697 563 763; x_wconf 87' lang='lat' dir='ltr'><strong>luisse</strong></span> <span class='ocrx_word' id='word_1_7' title='bbox 597 697 781 765; x_wconf 75' lang='lat' dir='ltr'><strong>albmand.</strong></span> <span class='ocrx_word' id='word_1_8' title='bbox 802 694 829 783; x_wconf 87' lang='lat'><strong>¹)</strong></span> <span class='ocrx_word' id='word_1_9' title='bbox 871 657 1027 782; x_wconf 79' lang='lat' dir='ltr'><strong>hejeota,</strong></span> <span class='ocrx_word' id='word_1_10' title='bbox 1064 722 1162 786; x_wconf 89' lang='lat' dir='ltr'><strong>quam</strong></span> 
     </span>
    </p>
   </div>
   <div class='ocr_carea' id='block_1_3' title="bbox 124 812 1165 1591">
    <p class='ocr_par' dir='ltr' id='par_1_3' title="bbox 124 812 1165 1591">
     <span class='ocr_line' id='line_1_3' title="bbox 124 812 1164 900; baseline 0.002 -23"><span class='ocrx_word' id='word_1_11' title='bbox 124 812 234 877; x_wconf 74' lang='lat' dir='ltr'><strong>Sarius</strong></span> <span class='ocrx_word' id='word_1_12' title='bbox 255 822 437 877; x_wconf 72' lang='lat' dir='ltr'><strong>constanter</strong></span> <span class='ocrx_word' id='word_1_13' title='bbox 463 821 594 876; x_wconf 82' lang='lat' dir='ltr'><strong>secutus</strong></span> <span class='ocrx_word' id='word_1_14' title='bbox 621 812 748 891; x_wconf 80' lang='lat' dir='ltr'><strong>iuerat,</strong></span> <span class='ocrx_word' id='word_1_15' title='bbox 788 812 962 877; x_wconf 84' lang='lat' dir='ltr'><strong>Tursellini</strong></span> <span class='ocrx_word' id='word_1_16' title='bbox 997 812 1164 900; x_wconf 77' lang='lat' dir='ltr'><strong>Epitome</strong></span> 
     </span>
     <span class='ocr_line' id='line_1_4' title="bbox 127 926 1162 1011; baseline 0.002 -20"><span class='ocrx_word' id='word_1_17' title='bbox 127 927 373 991; x_wconf 80' lang='lat' dir='ltr'><strong>Historiarum</strong></span> <span class='ocrx_word' id='word_1_18' title='bbox 402 937 435 989; x_wconf 93' lang='lat' dir='ltr'><strong>et</strong></span> <span class='ocrx_word' id='word_1_19' title='bbox 462 926 557 990; x_wconf 89' lang='lat' dir='ltr'><strong>misso</strong></span> <span class='ocrx_word' id='word_1_20' title='bbox 582 926 798 1011; x_wconf 91' lang='lat' dir='ltr'><strong>plurimorum</strong></span> <span class='ocrx_word' id='word_1_21' title='bbox 813 948 903 990; x_wconf 88' lang='lat' dir='ltr'><strong>more</strong></span> <span class='ocrx_word' id='word_1_22' title='bbox 922 926 1042 993; x_wconf 86' lang='lat' dir='ltr'><strong>dietata</strong></span> <span class='ocrx_word' id='word_1_23' title='bbox 1061 928 1162 993; x_wconf 89' lang='lat' dir='ltr'><strong>histo·</strong></span> 
     </span>
     <span class='ocr_line' id='line_1_5' title="bbox 128 1039 1162 1125; baseline 0.003 -20"><span class='ocrx_word' id='word_1_24' title='bbox 128 1042 197 1106; x_wconf 89' lang='lat' dir='ltr'><strong>rica</strong></span> <span class='ocrx_word' id='word_1_25' title='bbox 221 1040 260 1105; x_wconf 91' lang='lat' dir='ltr'><strong>ad</strong></span> <span class='ocrx_word' id='word_1_26' title='bbox 291 1040 471 1125; x_wconf 82' lang='lat' dir='ltr'>compendii</span> <span class='ocrx_word' id='word_1_27' title='bbox 509 1039 676 1123; x_wconf 72' lang='lat' dir='ltr'><strong>cujusdam</strong></span> <span class='ocrx_word' id='word_1_28' title='bbox 704 1039 851 1104; x_wconf 88' lang='lat' dir='ltr'><strong>ordinem</strong></span> <span class='ocrx_word' id='word_1_29' title='bbox 878 1041 1162 1123; x_wconf 88' lang='lat' dir='ltr'><strong>accommodandi,</strong></span> 
     </span>
     <span class='ocr_line' id='line_1_6' title="bbox 128 1152 1163 1241; baseline 0.003 -23"><span class='ocrx_word' id='word_1_30' title='bbox 128 1154 217 1240; x_wconf 90' lang='lat' dir='ltr'><strong>ipse,</strong></span> <span class='ocrx_word' id='word_1_31' title='bbox 253 1176 355 1241; x_wconf 90' lang='lat' dir='ltr'><strong>quum</strong></span> <span class='ocrx_word' id='word_1_32' title='bbox 376 1156 410 1219; x_wconf 93' lang='lat' dir='ltr'><strong>in</strong></span> <span class='ocrx_word' id='word_1_33' title='bbox 426 1154 538 1234; x_wconf 90' lang='lat' dir='ltr'><strong>nullo,</strong></span> <span class='ocrx_word' id='word_1_34' title='bbox 564 1154 676 1219; x_wconf 88' lang='lat' dir='ltr'><strong>Latine</strong></span> <span class='ocrx_word' id='word_1_35' title='bbox 699 1152 835 1239; x_wconf 90' lang='lat' dir='ltr'><strong>quidem</strong></span> <span class='ocrx_word' id='word_1_36' title='bbox 859 1156 1003 1241; x_wconf 89' lang='lat' dir='ltr'><strong>scripto,</strong></span> <span class='ocrx_word' id='word_1_37' title='bbox 1033 1177 1163 1240; x_wconf 87' lang='lat' dir='ltr'><strong>prorsus</strong></span> 
     </span>
     <span class='ocr_line' id='line_1_7' title="bbox 128 1267 1165 1356; baseline 0 -21"><span class='ocrx_word' id='word_1_38' title='bbox 128 1270 371 1356; x_wconf 76' lang='lat' dir='ltr'><strong>acquiesceret,</strong></span> <span class='ocrx_word' id='word_1_39' title='bbox 406 1269 513 1333; x_wconf 88' lang='lat' dir='ltr'><strong>statim</strong></span> <span class='ocrx_word' id='word_1_40' title='bbox 541 1268 708 1355; x_wconf 86' lang='lat' dir='ltr'><strong>proprium</strong></span> <span class='ocrx_word' id='word_1_41' title='bbox 735 1279 768 1331; x_wconf 90' lang='lat' dir='ltr'><strong>et</strong></span> <span class='ocrx_word' id='word_1_42' title='bbox 796 1267 942 1333; x_wconf 83' lang='lat' dir='ltr'><strong>ordinem</strong></span> <span class='ocrx_word' id='word_1_43' title='bbox 961 1281 995 1333; x_wconf 90' lang='lat' dir='ltr'><strong>et</strong></span> <span class='ocrx_word' id='word_1_44' title='bbox 1012 1269 1165 1335; x_wconf 76' lang='lat' dir='ltr'>historiae</span> 
     </span>
     <span class='ocr_line' id='line_1_8' title="bbox 128 1382 1164 1470; baseline 0.001 -22"><span class='ocrx_word' id='word_1_45' title='bbox 128 1382 304 1449; x_wconf 74' lang='lat' dir='ltr'>tradendae</span> <span class='ocrx_word' id='word_1_46' title='bbox 332 1384 464 1449; x_wconf 91' lang='lat' dir='ltr'><strong>modum</strong></span> <span class='ocrx_word' id='word_1_47' title='bbox 494 1384 652 1462; x_wconf 73' lang='lat' dir='ltr'><strong>instituit,</strong></span> <span class='ocrx_word' id='word_1_48' title='bbox 682 1403 788 1469; x_wconf 90' lang='lat' dir='ltr'><strong>eoque</strong></span> <span class='ocrx_word' id='word_1_49' title='bbox 821 1404 948 1447; x_wconf 88' lang='lat' dir='ltr'><strong>omnem</strong></span> <span class='ocrx_word' id='word_1_50' title='bbox 980 1384 1164 1470; x_wconf 82' lang='lat' dir='ltr'><strong>compendii</strong></span> 
     </span>
     <span class='ocr_line' id='line_1_9' title="bbox 128 1495 1165 1591; baseline 0 -28"><span class='ocrx_word' id='word_1_51' title='bbox 128 1520 223 1563; x_wconf 89' lang='lat' dir='ltr'><strong>usum</strong></span> <span class='ocrx_word' id='word_1_52' title='bbox 242 1498 374 1578; x_wconf 90' lang='lat' dir='ltr'><strong>retulit,</strong></span> <span class='ocrx_word' id='word_1_53' title='bbox 398 1508 446 1577; x_wconf 90' lang='lat' dir='ltr'><strong>ut,</strong></span> <span class='ocrx_word' id='word_1_54' title='bbox 468 1518 694 1591; x_wconf 85' lang='lat' dir='ltr'><strong>quaecumque</strong></span> <span class='ocrx_word' id='word_1_55' title='bbox 710 1497 746 1560; x_wconf 89' lang='lat' dir='ltr'><strong>in</strong></span> <span class='ocrx_word' id='word_1_56' title='bbox 764 1495 1007 1563; x_wconf 85' lang='lat' dir='ltr'><strong>Offerhausiano</strong></span> <span class='ocrx_word' id='word_1_57' title='bbox 1023 1498 1107 1563; x_wconf 89' lang='lat' dir='ltr'><strong>bene</strong></span> <span class='ocrx_word' id='word_1_58' title='bbox 1125 1520 1165 1564; x_wconf 81' lang='lat' dir='ltr'><strong>ao</strong></span> 
     </span>
    </p>
   </div>
   <div class='ocr_carea' id='block_1_4' title="bbox 14 1608 1165 1699">
    <p class='ocr_par' dir='ltr' id='par_1_4' title="bbox 14 1608 1165 1699">
     <span class='ocr_line' id='line_1_10' title="bbox 14 1608 1165 1699; baseline 0.003 -24"><span class='ocrx_word' id='word_1_59' title='bbox 14 1608 15 1675; x_wconf 77' lang='lat' dir='ltr'>j</span> <span class='ocrx_word' id='word_1_60' title='bbox 82 1687 85 1691; x_wconf 38' lang='grc'><em>,</em></span> <span class='ocrx_word' id='word_1_61' title='bbox 129 1612 303 1699; x_wconf 89' lang='lat' dir='ltr'><strong>perspicue</strong></span> <span class='ocrx_word' id='word_1_62' title='bbox 314 1611 456 1697; x_wconf 85' lang='lat' dir='ltr'><strong>exposite</strong></span> <span class='ocrx_word' id='word_1_63' title='bbox 473 1610 754 1697; x_wconf 86' lang='lat' dir='ltr'><strong>judicabat,haeo</strong></span> <span class='ocrx_word' id='word_1_64' title='bbox 763 1611 948 1676; x_wconf 81' lang='lat' dir='ltr'><strong>brevissime</strong></span> <span class='ocrx_word' id='word_1_65' title='bbox 958 1610 1109 1693; x_wconf 85' lang='lat' dir='ltr'><strong>indicata,</strong></span> <span class='ocrx_word' id='word_1_66' title='bbox 1118 1613 1165 1679; x_wconf 90' lang='lat' dir='ltr'><strong>ibi</strong></span> 
     </span>
    </p>
   </div>
   <div class='ocr_carea' id='block_1_5' title="bbox 128 1724 1249 2157">
    <p class='ocr_par' dir='ltr' id='par_1_5' title="bbox 128 1724 1249 2157">
     <span class='ocr_line' id='line_1_11' title="bbox 129 1724 1165 1814; baseline 0 -21"><span class='ocrx_word' id='word_1_67' title='bbox 129 1725 269 1814; x_wconf 86' lang='lat' dir='ltr'><strong>legenda</strong></span> <span class='ocrx_word' id='word_1_68' title='bbox 290 1724 553 1809; x_wconf 58' lang='lat' dir='ltr'><strong>commendaret„</strong></span> <span class='ocrx_word' id='word_1_69' title='bbox 584 1725 746 1812; x_wconf 88' lang='lat' dir='ltr'><strong>Incipiem</strong></span> <span class='ocrx_word' id='word_1_70' title='bbox 764 1747 828 1789; x_wconf 91' lang='lat' dir='ltr'><strong>non</strong></span> <span class='ocrx_word' id='word_1_71' title='bbox 847 1725 888 1789; x_wconf 94' lang='lat' dir='ltr'><strong>ab</strong></span> <span class='ocrx_word' id='word_1_72' title='bbox 910 1725 1055 1807; x_wconf 80' lang='lat' dir='ltr'><strong>hdamo,</strong></span> <span class='ocrx_word' id='word_1_73' title='bbox 1071 1727 1128 1793; x_wconf 90' lang='lat' dir='ltr'><strong>sed</strong></span> <span class='ocrx_word' id='word_1_74' title='bbox 1145 1752 1165 1793; x_wconf 81' lang='lat' dir='ltr'><strong>a</strong></span> 
     </span>
     <span class='ocr_line' id='line_1_12' title="bbox 128 1830 1249 1928; baseline 0.005 -27"><span class='ocrx_word' id='word_1_75' title='bbox 128 1840 350 1906; x_wconf 80' lang='lat' dir='ltr'><strong>vetustissimis</strong></span> <span class='ocrx_word' id='word_1_76' title='bbox 366 1838 507 1905; x_wconf 74' lang='lat' dir='ltr'><strong>Orientis</strong></span> <span class='ocrx_word' id='word_1_77' title='bbox 525 1840 686 1927; x_wconf 84' lang='lat' dir='ltr'><strong>gentibus,</strong></span> <span class='ocrx_word' id='word_1_78' title='bbox 707 1860 802 1904; x_wconf 90' lang='lat' dir='ltr'><strong>suum</strong></span> <span class='ocrx_word' id='word_1_79' title='bbox 816 1839 973 1926; x_wconf 87' lang='lat' dir='ltr'><strong>singulis,</strong></span> <span class='ocrx_word' id='word_1_80' title='bbox 997 1862 1058 1907; x_wconf 85' lang='lat' dir='ltr'><strong>neo</strong></span> <span class='ocrx_word' id='word_1_81' title='bbox 1075 1844 1165 1928; x_wconf 91' lang='lat' dir='ltr'><strong>prin·</strong></span> <span class='ocrx_word' id='word_1_82' title='bbox 1245 1830 1249 1841; x_wconf 55' lang='lat'><strong>¹</strong></span> 
     </span>
     <span class='ocr_line' id='line_1_13' title="bbox 129 1953 1162 2043; baseline 0.001 -23"><span class='ocrx_word' id='word_1_83' title='bbox 129 1953 237 2041; x_wconf 86' lang='lat' dir='ltr'><strong>¹cipem</strong></span> <span class='ocrx_word' id='word_1_84' title='bbox 256 1953 429 2034; x_wconf 78' lang='lat' dir='ltr'><strong>Hebraeis,</strong></span> <span class='ocrx_word' id='word_1_85' title='bbox 451 1954 559 2020; x_wconf 88' lang='lat' dir='ltr'><strong>locum</strong></span> <span class='ocrx_word' id='word_1_86' title='bbox 581 1954 813 2040; x_wconf 78' lang='lat' dir='ltr'><strong>propriamque</strong></span> <span class='ocrx_word' id='word_1_87' title='bbox 830 1953 997 2020; x_wconf 76' lang='lat' dir='ltr'><strong>historiam</strong></span> <span class='ocrx_word' id='word_1_88' title='bbox 1006 1953 1162 2043; x_wconf 82' lang='lat' dir='ltr'><strong>dabat,²)</strong></span> 
     </span>
     <span class='ocr_line' id='line_1_14' title="bbox 128 2068 1166 2157; baseline 0.001 -23"><span class='ocrx_word' id='word_1_89' title='bbox 128 2082 161 2135; x_wconf 92' lang='lat' dir='ltr'><strong>et</strong></span> <span class='ocrx_word' id='word_1_90' title='bbox 180 2071 215 2134; x_wconf 91' lang='lat' dir='ltr'><strong>in</strong></span> <span class='ocrx_word' id='word_1_91' title='bbox 234 2070 355 2156; x_wconf 88' lang='lat' dir='ltr'><strong>ipsam,</strong></span> <span class='ocrx_word' id='word_1_92' title='bbox 380 2090 445 2155; x_wconf 91' lang='lat' dir='ltr'><strong>qua</strong></span> <span class='ocrx_word' id='word_1_93' title='bbox 474 2068 515 2133; x_wconf 93' lang='lat' dir='ltr'><strong>de</strong></span> <span class='ocrx_word' id='word_1_94' title='bbox 542 2069 679 2157; x_wconf 80' lang='lat' dir='ltr'><strong>agebat,</strong></span> <span class='ocrx_word' id='word_1_95' title='bbox 703 2078 843 2134; x_wconf 86' lang='lat' dir='ltr'><strong>aetatem</strong></span> <span class='ocrx_word' id='word_1_96' title='bbox 865 2070 1040 2134; x_wconf 87' lang='lat' dir='ltr'><strong>tramlerre</strong></span> <span class='ocrx_word' id='word_1_97' title='bbox 1068 2068 1166 2135; x_wconf 83' lang='lat' dir='ltr'><strong>audi-</strong></span> 
     </span>
    </p>
   </div>
   <div class='ocr_carea' id='block_1_6' title="bbox 14 2184 1166 2612">
    <p class='ocr_par' dir='ltr' id='par_1_6' title="bbox 14 2184 1166 2612">
     <span class='ocr_line' id='line_1_15' title="bbox 14 2184 1164 2279; baseline -0.001 -30"><span class='ocrx_word' id='word_1_98' title='bbox 14 2222 16 2279; x_wconf 48' lang='lat'><strong>,</strong></span> <span class='ocrx_word' id='word_1_99' title='bbox 127 2196 216 2249; x_wconf 87' lang='lat' dir='ltr'><strong>tores</strong></span> <span class='ocrx_word' id='word_1_100' title='bbox 236 2184 422 2249; x_wconf 85' lang='lat' dir='ltr'><strong>conabatur.</strong></span> <span class='ocrx_word' id='word_1_101' title='bbox 445 2184 584 2249; x_wconf 87' lang='lat' dir='ltr'><strong>Haurire</strong></span> <span class='ocrx_word' id='word_1_102' title='bbox 606 2206 624 2247; x_wconf 88' lang='lat' dir='ltr'><strong>e</strong></span> <span class='ocrx_word' id='word_1_103' title='bbox 646 2184 814 2263; x_wconf 80' lang='lat' dir='ltr'><strong>lontibus,¹</strong></span> <span class='ocrx_word' id='word_1_104' title='bbox 835 2184 956 2248; x_wconf 79' lang='lat' dir='ltr'><strong>rivulos</strong></span> <span class='ocrx_word' id='word_1_105' title='bbox 977 2204 1041 2247; x_wconf 91' lang='lat' dir='ltr'><strong>non</strong></span> <span class='ocrx_word' id='word_1_106' title='bbox 1056 2184 1164 2271; x_wconf 84' lang='lat' dir='ltr'><strong>negli-</strong></span> 
     </span>
     <span class='ocr_line' id='line_1_16' title="bbox 127 2296 1165 2384; baseline -0.001 -22.098"><span class='ocrx_word' id='word_1_107' title='bbox 127 2319 229 2384; x_wconf 87' lang='lat' dir='ltr'><strong>gere,</strong></span> <span class='ocrx_word' id='word_1_108' title='bbox 259 2298 398 2377; x_wconf 81' lang='lat' dir='ltr'><strong>solebat,</strong></span> <span class='ocrx_word' id='word_1_109' title='bbox 422 2296 542 2381; x_wconf 87' lang='lat' dir='ltr'><strong>jndieii</strong></span> <span class='ocrx_word' id='word_1_110' title='bbox 569 2309 675 2362; x_wconf 90' lang='lat' dir='ltr'><strong>tamen</strong></span> <span class='ocrx_word' id='word_1_111' title='bbox 694 2297 896 2365; x_wconf 77' lang='lat' dir='ltr'><strong>severitatem</strong></span> <span class='ocrx_word' id='word_1_112' title='bbox 916 2298 965 2363; x_wconf 91' lang='lat' dir='ltr'><strong>uti</strong></span> <span class='ocrx_word' id='word_1_113' title='bbox 984 2297 1039 2363; x_wconf 85' lang='lat' dir='ltr'><strong>hic</strong></span> <span class='ocrx_word' id='word_1_114' title='bbox 1058 2298 1165 2362; x_wconf 89' lang='lat' dir='ltr'><strong>inten-</strong></span> 
     </span>
     <span class='ocr_line' id='line_1_17' title="bbox 14 2410 1163 2505; baseline -0.002 -28"><span class='ocrx_word' id='word_1_115' title='bbox 14 2488 16 2505; x_wconf 41' lang='grc'><strong>,</strong></span> <span class='ocrx_word' id='word_1_116' title='bbox 126 2411 231 2491; x_wconf 91' lang='lat' dir='ltr'><strong>dens,</strong></span> <span class='ocrx_word' id='word_1_117' title='bbox 264 2411 309 2477; x_wconf 86' lang='lat' dir='ltr'><strong>ita</strong></span> <span class='ocrx_word' id='word_1_118' title='bbox 336 2412 405 2477; x_wconf 91' lang='lat' dir='ltr'><strong>illic</strong></span> <span class='ocrx_word' id='word_1_119' title='bbox 430 2410 518 2475; x_wconf 94' lang='lat' dir='ltr'><strong>baud</strong></span> <span class='ocrx_word' id='word_1_120' title='bbox 547 2412 724 2478; x_wconf 86' lang='lat' dir='ltr'><strong>remittens.</strong></span> <span class='ocrx_word' id='word_1_121' title='bbox 775 2410 949 2505; x_wconf 15' lang='lat' dir='ltr'><strong>Cujusxrei</strong></span> <span class='ocrx_word' id='word_1_122' title='bbox 981 2412 1163 2497; x_wconf 78' lang='lat' dir='ltr'><strong>exemplum</strong></span> 
     </span>
     <span class='ocr_line' id='line_1_18' title="bbox 14 2512 1166 2612; baseline -0.003 -20"><span class='ocrx_word' id='word_1_123' title='bbox 14 2512 16 2529; x_wconf 41' lang='lat'><em>¹</em></span> <span class='ocrx_word' id='word_1_124' title='bbox 127 2538 177 2592; x_wconf 88' lang='lat' dir='ltr'><strong>est</strong></span> <span class='ocrx_word' id='word_1_125' title='bbox 194 2526 399 2612; x_wconf 91' lang='lat' dir='ltr'><strong>prooemium</strong></span> <span class='ocrx_word' id='word_1_126' title='bbox 414 2525 565 2590; x_wconf 82' lang='lat' dir='ltr'><strong>historiae</strong></span> <span class='ocrx_word' id='word_1_127' title='bbox 581 2526 745 2591; x_wconf 81' lang='lat' dir='ltr'><strong>Romanae</strong></span> <span class='ocrx_word' id='word_1_128' title='bbox 764 2545 849 2588; x_wconf 88' lang='lat' dir='ltr'><strong>anno</strong></span> <span class='ocrx_word' id='word_1_129' title='bbox 869 2526 955 2590; x_wconf 78' lang='lat'>1805</span> <span class='ocrx_word' id='word_1_130' title='bbox 973 2545 1048 2589; x_wconf 92' lang='lat' dir='ltr'><strong>cum</strong></span> <span class='ocrx_word' id='word_1_131' title='bbox 1067 2523 1166 2590; x_wconf 81' lang='lat' dir='ltr'><strong>disci-</strong></span> 
     </span>
    </p>
   </div>
   <div class='ocr_carea' id='block_1_7' title="bbox 14 2677 21 2718">
    <p class='ocr_par' dir='ltr' id='par_1_7' title="bbox 14 2677 21 2718">
     <span class='ocr_line' id='line_1_19' title="bbox 14 2677 21 2718; baseline 0 0"><span class='ocrx_word' id='word_1_132' title='bbox 14 2677 21 2718; x_wconf 80' lang='lat' dir='ltr'><strong>l</strong></span> 
     </span>
    </p>
   </div>
   <div class='ocr_carea' id='block_1_8' title="bbox 124 2628 1163 2841">
    <p class='ocr_par' dir='ltr' id='par_1_8' title="bbox 124 2628 1163 2841">
     <span class='ocr_line' id='line_1_20' title="bbox 124 2628 1163 2728; baseline 0 -24"><span class='ocrx_word' id='word_1_133' title='bbox 124 2640 217 2728; x_wconf 87' lang='lat' dir='ltr'><strong>pulis</strong></span> <span class='ocrx_word' id='word_1_134' title='bbox 240 2628 531 2719; x_wconf 88' lang='lat' dir='ltr'><strong>communicatum,</strong></span> <span class='ocrx_word' id='word_1_135' title='bbox 567 2638 624 2714; x_wconf 88' lang='lat' dir='ltr'><strong>ubi</strong></span> <span class='ocrx_word' id='word_1_136' title='bbox 644 2637 726 2702; x_wconf 78' lang='lat' dir='ltr'><strong>Livii</strong></span> <span class='ocrx_word' id='word_1_137' title='bbox 745 2637 950 2724; x_wconf 89' lang='lat' dir='ltr'><strong>aliorumque</strong></span> <span class='ocrx_word' id='word_1_138' title='bbox 967 2638 1163 2724; x_wconf 86' lang='lat' dir='ltr'><strong>scriptorum</strong></span> 
     </span>
     <span class='ocr_line' id='line_1_21' title="bbox 125 2751 1162 2841; baseline 0.001 -22"><span class='ocrx_word' id='word_1_139' title='bbox 125 2753 209 2819; x_wconf 86' lang='lat' dir='ltr'><strong>fides</strong></span> <span class='ocrx_word' id='word_1_140' title='bbox 226 2753 261 2816; x_wconf 91' lang='lat' dir='ltr'><strong>in</strong></span> <span class='ocrx_word' id='word_1_141' title='bbox 279 2752 462 2838; x_wconf 86' lang='lat' dir='ltr'><strong>primordiis</strong></span> <span class='ocrx_word' id='word_1_142' title='bbox 477 2751 575 2836; x_wconf 86' lang='lat' dir='ltr'><strong>hujus</strong></span> <span class='ocrx_word' id='word_1_143' title='bbox 595 2751 709 2841; x_wconf 86' lang='lat' dir='ltr'><strong>populi</strong></span> <span class='ocrx_word' id='word_1_144' title='bbox 731 2751 951 2818; x_wconf 86' lang='lat' dir='ltr'><strong>describendis</strong></span> <span class='ocrx_word' id='word_1_145' title='bbox 962 2752 1084 2834; x_wconf 92' lang='lat' dir='ltr'><strong>dubia,</strong></span> <span class='ocrx_word' id='word_1_146' title='bbox 1108 2777 1162 2820; x_wconf 84' lang='lat' dir='ltr'><strong>ea·</strong></span> 
     </span>
    </p>
   </div>
   <div class='ocr_carea' id='block_1_9' title="bbox 14 2866 1218 3301">
    <p class='ocr_par' dir='ltr' id='par_1_9' title="bbox 14 2866 1218 3301">
     <span class='ocr_line' id='line_1_22' title="bbox 14 2866 1165 2956; baseline -0.003 -20"><span class='ocrx_word' id='word_1_147' title='bbox 14 2927 15 2936; x_wconf 73' lang='grc'>,</span> <span class='ocrx_word' id='word_1_148' title='bbox 128 2889 195 2956; x_wconf 92' lang='lat' dir='ltr'><strong>que</strong></span> <span class='ocrx_word' id='word_1_149' title='bbox 215 2867 283 2954; x_wconf 91' lang='lat' dir='ltr'><strong>ipsa</strong></span> <span class='ocrx_word' id='word_1_150' title='bbox 307 2889 436 2954; x_wconf 87' lang='lat' dir='ltr'><strong>prorsus</strong></span> <span class='ocrx_word' id='word_1_151' title='bbox 457 2868 581 2932; x_wconf 89' lang='lat' dir='ltr'><strong>incerta</strong></span> <span class='ocrx_word' id='word_1_152' title='bbox 600 2866 776 2946; x_wconf 85' lang='lat' dir='ltr'><strong>dicuntur,</strong></span> <span class='ocrx_word' id='word_1_153' title='bbox 808 2887 910 2953; x_wconf 92' lang='lat' dir='ltr'><strong>quum</strong></span> <span class='ocrx_word' id='word_1_154' title='bbox 929 2889 1026 2953; x_wconf 91' lang='lat' dir='ltr'><strong>porro</strong></span> <span class='ocrx_word' id='word_1_155' title='bbox 1047 2868 1088 2934; x_wconf 89' lang='lat' dir='ltr'><strong>de</strong></span> <span class='ocrx_word' id='word_1_156' title='bbox 1108 2891 1165 2934; x_wconf 90' lang='lat' dir='ltr'><strong>oe-</strong></span> 
     </span>
     <span class='ocr_line' id='line_1_23' title="bbox 14 2980 1218 3070; baseline 0.002 -23"><span class='ocrx_word' id='word_1_157' title='bbox 14 2981 16 3068; x_wconf 70' lang='lat'><em>}</em></span> <span class='ocrx_word' id='word_1_158' title='bbox 128 2982 263 3048; x_wconf 88' lang='lat' dir='ltr'><strong>lebratis</strong></span> <span class='ocrx_word' id='word_1_159' title='bbox 284 2983 399 3048; x_wconf 80' lang='lat' dir='ltr'><strong>veteris</strong></span> <span class='ocrx_word' id='word_1_160' title='bbox 417 2983 487 3046; x_wconf 80' lang='lat' dir='ltr'><strong>aeri</strong></span> <span class='ocrx_word' id='word_1_161' title='bbox 509 2981 660 3047; x_wconf 87' lang='lat' dir='ltr'><strong>heroibus</strong></span> <span class='ocrx_word' id='word_1_162' title='bbox 686 2980 885 3048; x_wconf 87' lang='lat' dir='ltr'><strong>dubitantius</strong></span> <span class='ocrx_word' id='word_1_163' title='bbox 904 3002 1002 3068; x_wconf 87' lang='lat' dir='ltr'><strong>quam</strong></span> <span class='ocrx_word' id='word_1_164' title='bbox 1024 2983 1066 3048; x_wconf 91' lang='lat' dir='ltr'><strong>de</strong></span> <span class='ocrx_word' id='word_1_165' title='bbox 1093 2983 1163 3048; x_wconf 85' lang='lat' dir='ltr'><strong>Sci·</strong></span> <span class='ocrx_word' id='word_1_166' title='bbox 1212 3059 1218 3070; x_wconf 44' lang='grc'>,</span> 
     </span>
     <span class='ocr_line' id='line_1_24' title="bbox 14 3073 1162 3185; baseline -0.002 -21"><span class='ocrx_word' id='word_1_167' title='bbox 14 3073 16 3124; x_wconf 62' lang='lat' dir='ltr'><strong>l</strong></span> <span class='ocrx_word' id='word_1_168' title='bbox 87 3103 89 3106; x_wconf 77' lang='grc'><strong>’</strong></span> <span class='ocrx_word' id='word_1_169' title='bbox 129 3100 262 3185; x_wconf 85' lang='lat' dir='ltr'><strong>pinnum</strong></span> <span class='ocrx_word' id='word_1_170' title='bbox 291 3119 317 3162; x_wconf 89' lang='lat' dir='ltr'><strong>v.</strong></span> <span class='ocrx_word' id='word_1_171' title='bbox 338 3120 367 3164; x_wconf 89' lang='lat' dir='ltr'><strong>c.</strong></span> <span class='ocrx_word' id='word_1_172' title='bbox 388 3109 420 3162; x_wconf 91' lang='lat' dir='ltr'><strong>et</strong></span> <span class='ocrx_word' id='word_1_173' title='bbox 443 3097 628 3184; x_wconf 88' lang='lat' dir='ltr'><strong>aequalium</strong></span> <span class='ocrx_word' id='word_1_174' title='bbox 655 3095 853 3162; x_wconf 75' lang='lat' dir='ltr'><strong>facinoribus</strong></span> <span class='ocrx_word' id='word_1_175' title='bbox 873 3097 994 3183; x_wconf 85' lang='lat' dir='ltr'><strong>agitur.</strong></span> <span class='ocrx_word' id='word_1_176' title='bbox 1039 3098 1162 3162; x_wconf 81' lang='lat' dir='ltr'><strong>Rerum</strong></span> 
     </span>
     <span class='ocr_line' id='line_1_25' title="bbox 14 3210 1163 3301; baseline -0.003 -25"><span class='ocrx_word' id='word_1_177' title='bbox 14 3223 16 3252; x_wconf 54' lang='lat' dir='ltr'><strong>t</strong></span> <span class='ocrx_word' id='word_1_178' title='bbox 131 3225 295 3301; x_wconf 81' lang='lat' dir='ltr'><strong>gestarum</strong></span> <span class='ocrx_word' id='word_1_179' title='bbox 313 3212 574 3278; x_wconf 85' lang='lat' dir='ltr'><strong>commemoratio</strong></span> <span class='ocrx_word' id='word_1_180' title='bbox 589 3210 727 3296; x_wconf 84' lang='lat' dir='ltr'><strong>diligens</strong></span> <span class='ocrx_word' id='word_1_181' title='bbox 747 3220 833 3288; x_wconf 91' lang='lat' dir='ltr'><strong>erat,</strong></span> <span class='ocrx_word' id='word_1_182' title='bbox 855 3231 920 3272; x_wconf 91' lang='lat' dir='ltr'><strong>non</strong></span> <span class='ocrx_word' id='word_1_183' title='bbox 939 3212 1080 3288; x_wconf 90' lang='lat' dir='ltr'><strong>minuta,</strong></span> <span class='ocrx_word' id='word_1_184' title='bbox 1098 3233 1163 3274; x_wconf 94' lang='lat' dir='ltr'><strong>non</strong></span> 
     </span>
    </p>
   </div>
   <div class='ocr_carea' id='block_1_10' title="bbox 127 3323 1164 3412">
    <p class='ocr_par' dir='ltr' id='par_1_10' title="bbox 127 3323 1164 3412">
     <span class='ocr_line' id='line_1_26' title="bbox 127 3323 1164 3412; baseline -0.002 -22"><span class='ocrx_word' id='word_1_185' title='bbox 127 3327 258 3412; x_wconf 87' lang='lat' dir='ltr'><strong>jejuna,</strong></span> <span class='ocrx_word' id='word_1_186' title='bbox 278 3328 311 3391; x_wconf 91' lang='lat' dir='ltr'><strong>in</strong></span> <span class='ocrx_word' id='word_1_187' title='bbox 331 3327 459 3412; x_wconf 88' lang='lat' dir='ltr'><strong>primis,</strong></span> <span class='ocrx_word' id='word_1_188' title='bbox 481 3349 544 3390; x_wconf 95' lang='lat' dir='ltr'><strong>non</strong></span> <span class='ocrx_word' id='word_1_189' title='bbox 560 3325 676 3403; x_wconf 87' lang='lat' dir='ltr'><strong>unice,</strong></span> <span class='ocrx_word' id='word_1_190' title='bbox 699 3323 924 3407; x_wconf 86' lang='lat' dir='ltr'><strong>spectabatur;</strong></span> <span class='ocrx_word' id='word_1_191' title='bbox 942 3324 1060 3388; x_wconf 89' lang='lat' dir='ltr'><strong>artium</strong></span> <span class='ocrx_word' id='word_1_192' title='bbox 1077 3344 1164 3409; x_wconf 91' lang='lat' dir='ltr'><strong>quo-</strong></span> 
     </span>
    </p>
   </div>
   <div class='ocr_carea' id='block_1_11' title="bbox 14 3437 1175 3527">
    <p class='ocr_par' dir='ltr' id='par_1_11' title="bbox 14 3437 1175 3527">
     <span class='ocr_line' id='line_1_27' title="bbox 14 3437 1175 3527; baseline -0.002 -23"><span class='ocrx_word' id='word_1_193' title='bbox 14 3477 15 3486; x_wconf 47' lang='lat'>1</span> <span class='ocrx_word' id='word_1_194' title='bbox 132 3462 197 3527; x_wconf 93' lang='lat' dir='ltr'><strong>que</strong></span> <span class='ocrx_word' id='word_1_195' title='bbox 217 3453 249 3504; x_wconf 90' lang='lat' dir='ltr'><strong>et</strong></span> <span class='ocrx_word' id='word_1_196' title='bbox 268 3442 455 3520; x_wconf 88' lang='lat' dir='ltr'><strong>literarum,</strong></span> <span class='ocrx_word' id='word_1_197' title='bbox 481 3438 647 3526; x_wconf 80' lang='lat' dir='ltr'><strong>regiminis</strong></span> <span class='ocrx_word' id='word_1_198' title='bbox 669 3437 867 3516; x_wconf 83' lang='lat' dir='ltr'><strong>formarum,</strong></span> <span class='ocrx_word' id='word_1_199' title='bbox 889 3457 1038 3517; x_wconf 89' lang='lat' dir='ltr'><strong>morum,</strong></span> <span class='ocrx_word' id='word_1_200' title='bbox 1070 3438 1175 3502; x_wconf 53' lang='lat' dir='ltr'><strong>insti-f</strong></span> 
     </span>
    </p>
   </div>
   <div class='ocr_carea' id='block_1_12' title="bbox 132 3552 1203 3643">
    <p class='ocr_par' dir='ltr' id='par_1_12' title="bbox 132 3552 1203 3643">
     <span class='ocr_line' id='line_1_28' title="bbox 132 3552 1203 3643; baseline -0.001 -24"><span class='ocrx_word' id='word_1_201' title='bbox 132 3566 286 3630; x_wconf 53' lang='lat' dir='ltr'><strong>tutorum,</strong></span> <span class='ocrx_word' id='word_1_202' title='bbox 320 3554 441 3618; x_wconf 91' lang='lat' dir='ltr'><strong>mentio</strong></span> <span class='ocrx_word' id='word_1_203' title='bbox 465 3552 602 3633; x_wconf 80' lang='lat' dir='ltr'><strong>¹fiebat,</strong></span> <span class='ocrx_word' id='word_1_204' title='bbox 645 3562 845 3616; x_wconf 85' lang='lat' dir='ltr'><strong>mercaturae</strong></span> <span class='ocrx_word' id='word_1_205' title='bbox 885 3553 952 3643; x_wconf 80' lang='lat' dir='ltr'><strong>vis,</strong></span> <span class='ocrx_word' id='word_1_206' title='bbox 993 3552 1164 3618; x_wconf 86' lang='lat' dir='ltr'><strong>exordium</strong></span> <span class='ocrx_word' id='word_1_207' title='bbox 1201 3579 1203 3586; x_wconf 94' lang='lat'>·</span> 
     </span>
    </p>
   </div>
   <div class='ocr_carea' id='block_1_13' title="bbox 14 3665 1163 3755">
    <p class='ocr_par' dir='ltr' id='par_1_13' title="bbox 14 3665 1163 3755">
     <span class='ocr_line' id='line_1_29' title="bbox 14 3665 1163 3755; baseline 0.002 -23"><span class='ocrx_word' id='word_1_208' title='bbox 14 3719 15 3742; x_wconf 48' lang='lat'>2</span> <span class='ocrx_word' id='word_1_209' title='bbox 132 3669 364 3755; x_wconf 88' lang='lat' dir='ltr'><strong>disquisitionis</strong></span> <span class='ocrx_word' id='word_1_210' title='bbox 387 3667 427 3732; x_wconf 91' lang='lat' dir='ltr'><strong>de</strong></span> <span class='ocrx_word' id='word_1_211' title='bbox 449 3666 686 3745; x_wconf 90' lang='lat' dir='ltr'><strong>Phoenicibus,</strong></span> <span class='ocrx_word' id='word_1_212' title='bbox 710 3677 889 3751; x_wconf 85' lang='lat' dir='ltr'><strong>opportune</strong></span> <span class='ocrx_word' id='word_1_213' title='bbox 923 3665 1163 3735; x_wconf 86' lang='lat' dir='ltr'><strong>ostendebatur.</strong></span> 
     </span>
    </p>
   </div>
   <div class='ocr_carea' id='block_1_14' title="bbox 133 3779 1174 3986">
    <p class='ocr_par' dir='ltr' id='par_1_14' title="bbox 133 3779 1174 3986">
     <span class='ocr_line' id='line_1_30' title="bbox 133 3779 1164 3866; baseline -0.002 -18"><span class='ocrx_word' id='word_1_214' title='bbox 133 3785 271 3848; x_wconf 89' lang='lat' dir='ltr'><strong>Historia</strong></span> <span class='ocrx_word' id='word_1_215' title='bbox 298 3783 396 3848; x_wconf 91' lang='lat' dir='ltr'><strong>medii</strong></span> <span class='ocrx_word' id='word_1_216' title='bbox 426 3782 494 3846; x_wconf 87' lang='lat' dir='ltr'><strong>aevi</strong></span> <span class='ocrx_word' id='word_1_217' title='bbox 517 3803 589 3854; x_wconf 42' lang='lat' dir='ltr'><strong>,non</strong></span> <span class='ocrx_word' id='word_1_218' title='bbox 607 3782 769 3846; x_wconf 86' lang='lat' dir='ltr'><strong>Romanae</strong></span> <span class='ocrx_word' id='word_1_219' title='bbox 799 3779 958 3866; x_wconf 81' lang='lat' dir='ltr'><strong>appendix</strong></span> <span class='ocrx_word' id='word_1_220' title='bbox 989 3781 1164 3866; x_wconf 87' lang='lat' dir='ltr'><strong>prodibat,</strong></span> 
     </span>
     <span class='ocr_line' id='line_1_31' title="bbox 134 3893 1174 3986; baseline -0.005 -24"><span class='ocrx_word' id='word_1_221' title='bbox 134 3921 238 3986; x_wconf 89' lang='lat' dir='ltr'><strong>neque</strong></span> <span class='ocrx_word' id='word_1_222' title='bbox 256 3899 297 3963; x_wconf 95' lang='lat' dir='ltr'><strong>ob</strong></span> <span class='ocrx_word' id='word_1_223' title='bbox 312 3897 494 3963; x_wconf 87' lang='lat' dir='ltr'><strong>barbariem</strong></span> <span class='ocrx_word' id='word_1_224' title='bbox 510 3898 704 3983; x_wconf 86' lang='lat' dir='ltr'><strong>populorum</strong></span> <span class='ocrx_word' id='word_1_225' title='bbox 716 3895 830 3959; x_wconf 82' lang='lat' dir='ltr'><strong>leviter</strong></span> <span class='ocrx_word' id='word_1_226' title='bbox 845 3895 1084 3982; x_wconf 86' lang='lat' dir='ltr'><strong>attingebatur,</strong></span> <span class='ocrx_word' id='word_1_227' title='bbox 1109 3893 1174 3958; x_wconf 86' lang='lat' dir='ltr'><strong>sed¹</strong></span> 
     </span>
    </p>
   </div>
   <div class='ocr_carea' id='block_1_15' title="bbox 140 4076 338 4088">
    <p class='ocr_par' dir='ltr' id='par_1_15' title="bbox 140 4076 338 4088">
     <span class='ocr_line' id='line_1_32' title="bbox 140 4076 338 4088; baseline 0 0"><span class='ocrx_word' id='word_1_228' title='bbox 140 4076 338 4088; x_wconf 53' lang='lat' dir='ltr'><em>*nn-.-</em></span> 
     </span>
    </p>
   </div>
   <div class='ocr_carea' id='block_1_16' title="bbox 169 4183 988 4334">
    <p class='ocr_par' dir='ltr' id='par_1_16' title="bbox 169 4183 988 4334">
     <span class='ocr_line' id='line_1_33' title="bbox 214 4183 732 4237; baseline -0.002 -3"><span class='ocrx_word' id='word_1_229' title='bbox 214 4187 232 4236; x_wconf 90' lang='lat' dir='ltr'><strong>l.</strong></span> <span class='ocrx_word' id='word_1_230' title='bbox 252 4187 270 4236; x_wconf 95' lang='lat' dir='ltr'><strong>l.</strong></span> <span class='ocrx_word' id='word_1_231' title='bbox 305 4183 383 4237; x_wconf 79' lang='lat'><strong>.19.&#39;</strong></span> <span class='ocrx_word' id='word_1_232' title='bbox 730 4210 732 4213; x_wconf 96' lang='lat'>·</span> 
     </span>
     <span class='ocr_line' id='line_1_34' title="bbox 169 4183 988 4334; baseline -0.002 -14"><span class='ocrx_word' id='word_1_233' title='bbox 169 4183 196 4334; x_wconf 63' lang='lat' dir='ltr'><strong>dl</strong></span> <span class='ocrx_word' id='word_1_234' title='bbox 215 4273 251 4321; x_wconf 85' lang='lat' dir='ltr'><strong>Cl.</strong></span> <span class='ocrx_word' id='word_1_235' title='bbox 270 4201 303 4322; x_wconf 79' lang='lat' dir='ltr'><strong>acl</strong></span> <span class='ocrx_word' id='word_1_236' title='bbox 315 4272 341 4321; x_wconf 87' lang='lat' dir='ltr'><strong>h.</strong></span> <span class='ocrx_word' id='word_1_237' title='bbox 360 4271 378 4323; x_wconf 91' lang='lat' dir='ltr'><strong>l.</strong></span> <span class='ocrx_word' id='word_1_238' title='bbox 393 4270 497 4320; x_wconf 86' lang='lat' dir='ltr'><strong>omnino</strong></span> <span class='ocrx_word' id='word_1_239' title='bbox 512 4271 606 4320; x_wconf 81' lang='lat' dir='ltr'><strong>School</strong></span> <span class='ocrx_word' id='word_1_240' title='bbox 619 4285 669 4319; x_wconf 80' lang='lat' dir='ltr'><strong>oon</strong></span> <span class='ocrx_word' id='word_1_241' title='bbox 685 4269 773 4333; x_wconf 77' lang='lat' dir='ltr'><strong>Polyb.</strong></span> <span class='ocrx_word' id='word_1_242' title='bbox 797 4286 823 4334; x_wconf 88' lang='lat' dir='ltr'><strong>p.</strong></span> <span class='ocrx_word' id='word_1_243' title='bbox 842 4270 885 4318; x_wconf 74' lang='grc' dir='ltr'><strong>ΙΧ.</strong></span> <span class='ocrx_word' id='word_1_244' title='bbox 980 4248 988 4258; x_wconf 53' lang='grc'><strong>’</strong></span> 
     </span>
    </p>
   </div>
   <div class='ocr_carea' id='block_1_17' title="bbox 988 4363 1011 4429">
    <p class='ocr_par' dir='ltr' id='par_1_17' title="bbox 988 4363 1011 4429">
     <span class='ocr_line' id='line_1_35' title="bbox 988 4363 1011 4429; baseline 0 0"><span class='ocrx_word' id='word_1_245' title='bbox 988 4363 1011 4429; x_wconf 76' lang='lat' dir='ltr'><strong>d</strong></span> 
     </span>
    </p>
   </div>
   <div class='ocr_carea' id='block_1_18' title="bbox 0 0 1442 5075">
    <p class='ocr_par' dir='ltr' id='par_1_18' title="bbox 0 0 1442 5075">
     <span class='ocr_line' id='line_1_36' title="bbox 0 0 1442 5075; baseline 0 0"><span class='ocrx_word' id='word_1_246' title='bbox 0 0 1442 5075; x_wconf 95' lang='lat' dir='ltr'><strong> </strong></span> 
     </span>
    </p>
   </div>
  </div>
 </body>
</html>
