2875 5075
758 580 824 641 248

274 754 468 840 impediebat
495 752 606 817 studiis
627 763 658 814 et
683 752 839 837 religione
860 765 958 837 pastu.
972 750 998 839 ¹)
1029 752 1202 839 Aeqnabili
1221 773 1301 815 con-

273 871 404 954 spicuus
434 860 596 949 εὐθυμίᾳς
625 868 660 929 in
691 865 809 951 agendi
834 868 999 952 principiis
1026 889 1113 945 eam,
1144 866 1239 948 cujus
1266 867 1303 929 in

272 985 394 1069 magnis
419 983 494 1046 viris
512 980 744 1046 amantissimus
765 992 851 1058 erat,
875 983 944 1066 ipse
969 982 1128 1046 rescrebat
1144 978 1301 1063 simplici·

272 1091 499 1181 tatem'pueri.
543 1095 584 1158 Ut
619 1096 730 1177 paneis
766 1096 979 1180 complectar,
1008 1095 1096 1183 quod
1122 1098 1155 1159 in
1184 1094 1302 1159 Senem

271 1234 365 1277 suum
389 1200 551 1295 hujusque
575 1208 747 1273 familiares
782 1211 962 1287 transtulit,
982 1211 1089 1275 ralere
1115 1211 1235 1293 pariter
1259 1207 1302 1273 de

271 1326 451 1391 Heusdiana
482 1323 577 1389 domo
609 1324 819 1388 censebatur:
852 1314 1215 1410 naeptessernina·
1241 1319 1283 1407 ζῇ

270 1460 423 1524 prereptos
445 1436 481 1503 δὲ
510 1435 543 1502 oi
567 1424 713 1522 §inquom
733 1436 798 1499 suis
819 1432 853 1499 ἐκ
875 1433 936 1499 τοῦ
953 1431 1202 1520 σωφρονοῦντος
1222 1423 1301 1498 στό-

270 1570 372 1631 ματος
398 1539 510 1615 ἰόντων
532 1537 642 1633 λόγων.
653 1545 680 1633 ²)
715 1550 802 1615 llaec
830 1548 894 1613 rita
920 1547 1053 1624 amoris,
1080 1567 1164 1632 quae
1193 1546 1301 1611 isere·
1420 1605 1424 1612 .

271 1662 403 1729 dibilem
429 1662 640 1748 plurimorum
660 1656 824 1749 ὠτέρωεα
847 1662 1037 1740 suscitabat,
1058 1662 1132 1746 quis
1155 1682 1238 1739 non,
1264 1672 1303 1738 ut

271 1776 423 1847 diuturna
433 1787 533 1855 esset,
552 1778 732 1861 optarit,et
742 1786 856 1862 vegeta
865 1774 1039 1862 aliquando
1049 1774 1302 1845 concluderetur

270 1890 457 1955 senectute?
479 1890 558 1955 lllira
577 1891 632 1955 ills
642 1892 763 1977 ingenii
773 1891 920 1959 alacritas
938 1901 970 1957 et
987 1911 1162 1976 augescens
1173 1891 1301 1974 sapien·

271 2005 334 2069 tiae
345 2004 481 2089 cupido,
494 2025 579 2090 qnae
592 2006 685 2070 variis
696 2005 812 2074 deiude
821 2007 907 2071 vario
917 2005 1014 2072 moda
1030 2006 1202 2091 profutura
1211 2004 1300 2069 ride-

269 2120 383 2199 batur,
403 2132 470 2185 tum
486 2132 632 2207 optatum
646 2120 730 2185 illud
741 2120 911 2185 firmabant
926 2131 997 2185 tum
1006 2130 1148 2187 mentem
1157 2130 1301 2187 nostram

269 2256 364 2320 saepe
396 2257 414 2298 a
446 2236 595 2301 tenuibus
621 2236 807 2303 avertebant
837 2236 981 2320 eorporis
1010 2235 1146 2312 viribus,
1179 2234 1300 2323 quibus

269 2348 401 2434 quidem
421 2351 589 2437 consulere
608 2372 705 2435 parco
729 2351 803 2414 cibo
830 2360 973 2436 potuque
997 2350 1053 2413 ille
1075 2359 1108 2412 et
1125 2359 1249 2415 mature
1260 2360 1300 2416 et

164 2504 167 2509 -
268 2463 364 2529 facile
382 2475 582 2544 assueverat,
607 2466 776 2531 consulere
795 2485 871 2528 reru
888 2462 1041 2549 prudenti
1054 2464 1175 2550 ingenii
1191 2463 1297 2529 inteu-

269 2580 355 2643 tione
366 2599 540 2666 numquam
552 2578 719 2660 didicerat.
735 2580 800 2645 Sed
809 2581 1040 2646 irritalueruut
1054 2590 1143 2659 reta,
1155 2580 1298 2643 etflens-

268 2692 341 2759 dius
357 2716 395 2758 eo
413 2694 505 2758 uobis
522 2707 648 2780 ereptus
660 2706 708 2760 est
719 2706 882 2781 tempore,
898 2716 965 2781 quo
979 2694 1091 2779 optimi
1103 2693 1162 2758 riri
1173 2693 1300 2762 obitum

267 2829 362 2873 nemo
381 2831 462 2873 unus
485 2811 519 2872 in
540 2811 642 2894 patris
660 2823 766 2874 nostra
787 2809 998 2896 exspectabat.
1020 2809 1118 2887 Nam,
1140 2819 1178 2875 ut
1194 2808 1298 2888 illuc,

268 2921 353 2986 unde
370 2923 432 2986 orsi
459 2944 586 3002 sumus,
606 2923 793 3004 redeamus,
816 2925 851 2988 in
873 2924 1130 3010 peregrinatione
1149 2922 1296 2991 decessit.

310 3036 436 3100 Etenim
466 3036 526 3100 snb
553 3037 647 3101 serias
668 3039 800 3102 aestivas
827 3038 987 3104 Heusdius
1009 3037 1156 3104 laborum
1185 3037 1299 3106 multi·

268 3150 394 3229 urdine,
426 3152 542 3235 partim
578 3153 850 3232 voluntariorum,
882 3144 998 3238 partim
1024 3153 1296 3227 necessariorum,

264 3265 410 3346 suavium
440 3266 576 3351 partim,
615 3268 731 3350 partim
756 3267 901 3336 inanium
928 3268 975 3332 sic
1002 3265 1070 3330 lere
1100 3265 1295 3352 defatigatus

265 3389 349 3459 erat,
374 3390 409 3443 ut
429 3381 526 3443 animi
547 3382 759 3466 corporisque
779 3383 978 3445 recreatione
997 3378 1166 3466 indigeret.
1202 3381 1295 3443 Hane

265 3492 326 3556 sibi
349 3493 399 3556 rel
427 3494 611 3562 rusticando
639 3495 688 3558 vel
713 3495 949 3581 peregrinando
973 3515 1129 3581 quaerere
1156 3493 1293 3560 solebat.

264 3606 369 3688 Quem
389 3630 511 3672 morem
530 3609 571 3674 ab
594 3631 622 3674 a.
653 3611 758 3689 1816,
783 3610 891 3696 gravia
911 3611 944 3673 ni
969 3607 1159 3694 impedirent
1183 3630 1295 3676 rerum

264 3733 443 3802 momenta,
469 3735 651 3787 constanter
671 3725 787 3789 tenuit.
822 3725 902 3788 Nam
922 3745 975 3788 rus
995 3723 1122 3788 amabat
1141 3733 1173 3786 et
1190 3723 1294 3786 liberr-

196 3851 200 3863 ·
263 3835 382 3900 tissime
401 3837 436 3902 in
464 3837 528 3900 illis
556 3840 679 3924 patriae
708 3839 863 3904 tractibus
896 3838 1053 3925 degebat,
1078 3837 1135 3924 qui
1157 3837 1294 3904 collium
1327 3882 1332 3892 .

263 3952 454 4016 amoenitate
489 3952 644 4037 fluviique
682 3953 796 4018 vicinia
832 3953 1049 4018 exhilarantur
1083 3963 1115 4016 et
1152 3952 1295 4036 proceris
1409 4028 1418 4044 ⁸

296 4219 321 4281 1)
341 4225 386 4272 Br.
406 4241 464 4273 over
476 4227 519 4274 bet
532 4229 663 4288 boosseoss
681 4229 727 4278 der
745 4233 828 4296 νῆες.
841 4246 866 4294 p.
884 4229 901 4278 t
916 4237 943 4279 et
957 4230 1000 4280 82.
1020 4233 1089 4280 Cous.
1106 4247 1182 4296 supra
1194 4248 1218 4295 p.
1233 4229 1294 4279 185.

296 4307 322 4368 2)
344 4310 387 4356 Ην.
413 4325 471 4357 ouer
497 4314 529 4360 H.
554 4314 615 4362 Oud.
636 4332 659 4379 p.
684 4314 741 4365 137.
