2875 5075
601 506 740 607 ita¹

113 708 266 811 dulcata,
286 718 320 779 in
340 718 515 802 primisque
533 716 596 780 hoc
614 728 758 801 tempore
777 717 817 780 ab
838 719 984 784 omnibus
1001 720 1148 784 fanaticis

112 828 229 896 studiis
249 852 306 893 nos
323 832 406 894 tueri
427 832 544 915 possit,
571 830 651 895 haec
667 868 703 879 —
723 830 800 894 mihi
819 832 944 913 aiebam
958 874 990 885 -
1013 844 1087 919 apta
1108 834 1149 897 iis

111 943 196 1007 foret
219 943 335 1028 prioris
356 944 430 1007 libri
449 945 658 1009 continuatio.
698 944 805 1029 Atque
826 945 908 1008 illud
927 947 1033 1011 facere
1058 970 1148 1012 orsus

41 1132 45 1137 ¹
113 1069 147 1122 et
172 1078 269 1143 porro
296 1058 461 1137 facturus,
492 1059 615 1123 utiliter
642 1071 818 1145 utrumqne
838 1081 919 1145 opus
952 1062 996 1124 ita
1028 1062 1147 1126 lectum

112 1172 157 1236 iri
171 1171 304 1255 jndice,
335 1184 372 1237 ut
389 1175 479 1259 prius
508 1172 548 1237 ad
570 1174 728 1258 posterius
758 1172 916 1238 habeatur
948 1176 1149 1260 praeparatio

113 1286 317 1373 quaedamst
331 1285 357 1374 ¹)
737 1344 739 1347 .
1122 1277 1126 1281 ’

14 1388 19 1406 “’
158 1396 221 1481 lia,
250 1402 309 1488 qui
337 1402 371 1465 in
404 1400 559 1467 hodierna
598 1402 818 1488 philosophiae
849 1403 1032 1468 conditione
1063 1403 1148 1469 haud

113 1517 384 1602 acquiescebant,
423 1516 601 1581 llensdinm
632 1516 910 1581 annumerandum
941 1540 1029 1598 esse,
1053 1540 1148 1604 supra

14 1670 15 1724 ᾗ
113 1630 236 1716 patuit,
266 1630 488 1717 vidimusque,
514 1652 597 1718 qnos
621 1630 679 1694 ille
711 1631 836 1697 fructus
864 1630 906 1695 ad
936 1630 1019 1696 hanc
1041 1652 1149 1696 emen·

114 1743 254 1809 dandam
283 1766 302 1808 e
328 1746 499 1810 Socraticis
537 1745 774 1831 Platonicisque
805 1746 986 1830 principiis,
1016 1745 1055 1809 ad
1088 1770 1148 1811 no-

114 1868 213 1922 stram
248 1868 386 1923 aetatem
423 1870 499 1944 apte
526 1857 793 1937 accommodatis,
827 1880 955 1946 sperare
986 1860 1148 1944 soleret‚²)

14 2047 15 2051 Ἰ
114 1972 185 2037 llao
204 1994 260 2058 spe
281 1972 400 2037 ductus
422 1965 541 2037 librum
564 1974 710 2052 rolehat,
735 1973 912 2038 istiusmodi
932 1975 1150 2041 continentem

114 2108 135 2151 e
156 2087 267 2152 schola
286 2088 452 2153 Socratica
472 2088 645 2173 sapientiae
663 2100 855 2174 praecepta,
880 2089 998 2175 quihus
1025 2104 1167 2175 semper·

14 2237 15 2242 κ
115 2202 404 2289 obtemperandum
433 2204 552 2293 luisse,
574 2225 659 2290 quae
678 2224 815 2287 semper
837 2202 1060 2268 auctoritatem
1089 2204 1150 2268 ha-

114 2317 244 2396 bitura,
268 2317 365 2383 hodie
390 2338 466 2383 vero
490 2318 622 2403 plurimi
652 2316 798 2381 facienda
818 2338 885 2387 esse
910 2317 1075 2385 credebat.
1110 2320 1151 2383 Et

14 2481 15 2518 2
115 2430 380 2518 quandoquidem
398 2432 563 2497 Socratica
583 2432 707 2497 ratione
728 2433 762 2495 in
780 2432 975 2517 inquirendo
996 2435 1150 2519 omnique

14 2538 15 2571 ³
115 2547 253 2613 consilio
275 2545 480 2632 exsequendo
508 2547 627 2610 versari
649 2545 845 2625 conahatur,
868 2567 948 2631 opus
977 2546 1081 2611 hocce
1112 2552 1150 2611 eo

14 2740 15 2745 ἵ
112 2660 301 2746 insignivit,
326 2680 425 2746 quem
443 2659 635 2738 memoravi,
659 2659 766 2726 titulo.
777 2655 803 2745 ³)

161 2775 236 2838 lam
258 2774 336 2838 hnic
352 2774 534 2838 Socraticae
557 2776 672 2839 rationi
689 2772 849 2838 lleusdins
869 2793 1068 2860 consequens
1083 2795 1150 2840 esse

114 2901 242 2965 monet,
266 2899 304 2952 nt
331 2889 387 2970 iis,
409 2889 466 2975 qui
497 2888 603 2953 statim
633 2889 783 2974 accipere
815 2889 968 2974 gestiant,
999 2889 1080 2976 quid
1110 2891 1150 2954 rit

117 3001 336 3089 philosophia,
373 3025 437 3067 non
470 3003 621 3082 satisfiat,
664 3004 719 3068 sod
750 3015 862 3069 eontra
893 3005 935 3068 ab
950 3025 952 3032 ’
969 3006 1091 3070 artibus
1118 3017 1150 3070 et

117 3117 295 3202 disciplinis
315 3117 487 3204 diligenter
509 3117 710 3203 explorandis
741 3131 772 3181 et
798 3139 874 3182 vero
900 3142 918 3182 a
946 3120 996 3182 via
1026 3141 1150 3204 cogno-

118 3232 250 3312 scenda,
285 3252 350 3319 qna
385 3232 435 3296 his
466 3231 506 3297 ad
537 3230 772 3316 philosophiam
804 3242 837 3294 et
870 3233 1057 3316 sapientiam
1093 3253 1151 3295 nos

14 3374 15 3377 ¹
118 3346 195 3412 duci
214 3347 518 3432 oporteat,initium
531 3357 671 3431 petatur.
681 3342 708 3432 ⁴)
734 3345 904 3430 liinc'ipse
924 3345 964 3410 ab
984 3343 1150 3430 Euryelo-

113 3444 243 3547 paedia
277 3459 432 3526 tradenda
466 3459 610 3539 orditur,
652 3460 727 3539 cui,
760 3480 843 3524 anno
878 3461 965 3526 1834
996 3471 1028 3524 et
1063 3462 1150 3526 18³5

119 3576 245 3641 duobus
265 3575 480 3641 voluminibus
501 3574 626 3654 editae,
651 3575 833 3639 accuratior
858 3587 1150 3663 argumentumque

119 3691 214 3778 plene
233 3691 412 3775 exprimens
428 3690 541 3754 titulus
562 3699 627 3752 est:
652 3686 828 3774 Spectmen
837 3688 1061 3776 philosophae
1080 3691 1151 3756 die-

122 3853 326 3864 *ῥά-...ι’-

153 3941 181 4007 1)
203 3942 353 4008 l'oorlerr‘gt
368 3941 415 3990 der
433 3940 464 3990 8⁰
478 3943 599 4007 uitgooe,
619 3956 644 4005 p.
663 3941 716 3990 XV.

153 4026 181 4092 2)
199 4030 227 4078 P.
246 4026 306 4077 144.

156 4113 182 4177 3)
201 4117 242 4164 Do
260 4115 424 4162 Socratisclse
441 4114 535 4162 School
545 4114 575 4174 qt
592 4113 814 4178 Wysgeertrvoor
825 4111 855 4160 de
869 4111 1036 4176 negentieade
1055 4113 1149 4176 Besso,

121 4217 146 4264 p.
164 4201 212 4249 ΧΠ
226 4205 254 4248 et
267 4201 319 4250 XV.

157 4281 183 4348 l)
202 4284 264 4334 llud.
278 4303 303 4350 p.
319 4287 370 4333 XV.
