2875 5075
762 548 807 609 84

270 732 329 787 ret.
375 718 438 785 Sed
461 718 587 785 tandem
606 720 671 786 voti
692 720 902 806 ille'oompos
921 719 1055 798 exstitit,
1079 717 1296 805 lieusrliiquo,

269 833 402 921 ancipiti
431 833 563 898 fortusse
593 855 701 898 rerum
732 832 995 901 Academicorum
1025 843 1109 897 statu
1142 832 1295 913 adducti,

270 948 333 1013 fido
349 946 482 1035 collegis
500 947 565 1014 suis
585 947 769 1015 satisfacere
788 948 906 1034 potuit.
926 994 929 997 -
952 948 1025 1030 Quo
1051 948 1163 1012 nuntio
1179 946 1293 1026 allato,
1417 1017 1418 1040 χ

269 1061 388 1149 duplex
407 1062 542 1127 maxime
562 1084 657 1129 causa
676 1084 747 1127 eam
764 1062 908 1128 attulisse
927 1081 1047 1127 moram
1060 1060 1206 1139 ridetur,
1231 1080 1295 1147 qua
1364 1135 1371 1148 ἢ

269 1178 398 1241 irritum
433 1176 563 1241 taudem
596 1177 660 1243 fuir
682 1177 857 1244 vocationis
887 1176 1067 1241 eonsilium.
1113 1176 1234 1262 Nempe
1265 1184 1297 1239 et
1417 1159 1418 1166 ἵ

268 1290 427 1355 lleusdius
458 1298 621 1372 suaserat,
659 1303 696 1356 ut
721 1292 770 1355 sui
798 1288 1042 1357 commendandi
1073 1289 1237 1375 negotium
1263 1289 1298 1352 in

268 1406 406 1471 Gurierii
426 1417 458 1470 et
478 1406 593 1471 Noellii
612 1404 785 1471 adrentum
803 1404 985 1469 differretur
996 1452 1006 1484 ‚
1018 1424 1098 1491 quos
1114 1403 1204 1484 breti
1214 1405 1296 1470 Aea-

234 1567 237 1571 ·
268 1519 446 1587 demiorum
463 1518 712 1586 ordinandarum
735 1521 836 1607 gratia
853 1518 919 1587 hue
936 1518 1140 1605 prolecturus
1156 1541 1231 1584 esso.
1244 1540 1297 1584 ao-

209 1676 211 1685 =
269 1634 426 1719 cepisset:
451 1644 483 1697 ot
501 1632 727 1714 curatoribus,
750 1633 857 1698 lentae
871 1633 1081 1698 festinationis
1100 1643 1297 1700 momentum

268 1738 655 1835 intelligentibus,risum
666 1761 713 1814 est
725 1748 766 1814 de
776 1747 917 1814 llousdio
925 1769 992 1812 *non
1002 1747 1091 1832 prius
1101 1746 1143 1813 ad
1153 1748 1297 1833 Impera·
1417 1820 1418 1823 ,

269 1874 371 1928 torem
381 1861 521 1943 referre,
542 1884 660 1949 quam,
683 1862 763 1950 quid
780 1862 835 1929 hio
846 1862 878 1925 in
896 1882 992 1926 causa
1002 1860 1298 1934 liranoioaeoathe·

272 1974 349 2041 siras
367 1975 576 2056 decrevisset,
591 1987 771 2059 constaret3
788 1975 830 2041 ad
846 1997 944 2063 quam
959 1974 1109 2040 nimirum
1122 1950 1295 2042 ornandam

271 2090 438 2159 Curatores
457 2112 561 2176 nuper
579 2092 773 2177 seripserunt
792 2107 894 2155 unum
911 2090 946 2154 in
969 2090 1082 2175 paucis
1099 2099 1209 2175 aptum
1226 2090 1294 2162 lore

270 2204 365 2271 lloet.
374 2204 403 2270 J.
415 2205 456 2271 ll.
468 2205 594 2271 Kraarre
607 2252 616 2283 ‚
631 2226 742 2271 meum
756 2204 834 2269 item
843 2202 1057 2286 avunculum,
1081 2202 1183 2268 deme
1194 2226 1297 2289 puero
1417 2201 1418 2206 ’

270 2316 635 2384 etadolesoeutemultis
651 2314 927 2386 nominibusbene
938 2316 1107 2394 meritum,
1130 2317 1297 2384 subtilissi·
1417 2357 1418 2392 ι

270 2432 313 2497 mi
339 2432 459 2519 ingenii
486 2444 518 2497 et
545 2433 649 2497 variae
667 2431 855 2498 eruditionis
871 2430 996 2511 virum,
1020 2443 1294 2497 veterumireceo·
1417 2417 1418 2444 ¹

269 2549 452 2636 tiorumque
482 2549 647 2616 literarum
679 2549 838 2634 peritum,
871 2548 1098 2613 Francioarum
1122 2558 1230 2613 autem
1251 2549 1296 2612 ita

269 2665 514 2750 peritissimum,
547 2675 584 2728 ut
613 2664 830 2750 intelligentes
852 2661 979 2745 judicos
1008 2663 1194 2727 nostratium
1222 2685 1298 2750 pers
1417 2682 1418 2753 ἦ

269 2800 388 2865 paucos
409 2778 438 2842 ei
454 2788 705 2863 compararent..
724 2779 794 2842 lllor
813 2776 898 2845 diem
917 2798 1010 2842 suurn
1027 2776 1107 2842 obiit
1122 2777 1296 2857 Bosohius,

270 2893 326 2979 qui
344 2890 515 2956 diuturnae
536 2911 661 2970 morae,
682 2902 719 2955 ut
740 2890 808 2956 reri
829 2891 931 2956 simile
948 2901 1014 2969 est,
1035 2873 1141 2956 suiuus
1172 2891 1296 2976 patiens

269 3006 397 3070 iuturus
413 3005 550 3072 luisset.
595 2978 724 3070 Frariois
754 3005 840 3069 enim
868 3027 950 3071 nova
976 3005 1131 3070 cathedra
1153 3007 1296 3091 placuit,

269 3119 434 3205 displicuit
471 3119 642 3186 Kruanius.
663 3132 667 3140 '
687 3119 802 3205 Spreto
839 3120 1029 3185 Curatorom
1069 3117 1295 3205 praejudicio,

227 3321 229 3324 Ι
270 3232 398 3298 tandem
422 3256 515 3300 suum
543 3235 745 3300 intruserunt
769 3233 957 3320 popularem
975 3234 1013 3302 l..
1027 3234 1056 3300 J.
1074 3233 1192 3304 llielle.
1227 3235 1296 3299 Hoc

199 3363 203 3370 '
271 3359 339 3413 tum
351 3361 551 3435 compertum
560 3361 618 3429 ost,
631 3371 733 3438 quum
741 3348 946 3434 Imperatoris
953 3349 1115 3414 voluntate
1124 3359 1157 3412 et
1166 3344 1228 3412 alia
1237 3348 1298 3412 im-

271 3463 1299 3549 mutatierontpriscaAoademiaeinstitutaetCuratorumauc-
1417 3444 1418 3471 ³

273 3577 381 3642 toritas
393 3590 558 3663 supererat
570 3578 675 3658 nullu,
687 3601 704 3642 a
716 3578 834 3665 quibus
848 3578 944 3643 etiam
962 3579 987 3643 si
1000 3577 1078 3665 quid
1087 3589 1161 3642 ante
1172 3577 1297 3650 delibe—
1313 3673 1316 3676 ἡ
1417 3560 1418 3563 ¹

274 3701 377 3754 ratum
387 3689 592 3757 decretumne
602 3692 794 3773 esset,nihil
802 3714 997 3780 magnopere
1008 3692 1191 3759 curabatur.
1203 3689 1229 3780 ¹)
1242 3694 1297 3758 Sio
1417 3696 1418 3765 j

276 3949 476 3965 W
548 3953 550 3960 ι

308 4110 335 4176 1)
353 4113 419 4162 Erec
444 4113 503 4164 duxi
525 4118 580 4164 tum
597 4129 612 4164 e
628 4115 728 4166 llosohli
747 4115 780 4164 orl
791 4113 929 4165 lleurrlium
947 4114 980 4165 sle
996 4116 1046 4165 lroo
1060 4118 1212 4178 argumento
1232 4113 1301 4178 spis-

275 4198 335 4248 tolir
352 4203 406 4249 tum
424 4215 439 4249 e
455 4201 605 4251 erratorum
620 4201 781 4252 Leidsnoimu
793 4200 870 4250 Aesis
877 4218 888 4258 ,·
906 4201 976 4251 undo
987 4202 1063 4252 etism
1076 4205 1162 4266 putot,
1178 4199 1205 4250 sl.
1219 4197 1254 4248 24
1264 4214 1299 4248 m.

273 4283 366 4350 Apus.
376 4281 443 4332 1811
455 4287 573 4339 ultimum
590 4303 619 4336 ea
635 4287 666 4336 ds
685 4303 712 4337 rs
725 4287 894 4338 deliberatum
904 4285 999 4349 luisse,
1013 4291 1092 4352 utque
1108 4301 1139 4337 er
1154 4285 1301 4336 eootonine
