2875 5075
627 550 688 616 128

139 722 250 785 eximie
275 724 474 809 profuerunt.
520 724 599 789 llam
618 724 679 810 ipsi
700 724 808 790 ubivis
833 725 997 792 hominem
1019 730 1166 796 conside·

135 838 216 902 rann
244 848 276 903 et
301 840 403 925 magis
424 839 592 927 magisque
619 850 765 905 naturam
790 839 879 905 illam
900 842 1076 928 exploranti
1096 866 1164 909 mo

135 953 254 1033 salem,
290 956 521 1040 progressionis
559 953 757 1041 indigentem
783 949 879 1042 eique
913 977 1042 1041 parem,
1077 958 1164 1023 hand

133 1076 258 1153 poterat
276 1068 345 1131 leve
364 1070 413 1134 sui
431 1068 574 1134 studium
592 1069 727 1152 injicere
746 1070 862 1157 religio
878 1064 1164 1159 Christianapquo

18 1272 19 1279 ἵ
134 1194 297 1268 praeterea
333 1182 543 1271 philosophae
572 1183 736 1250 ducebant
770 1184 811 1249 sle
847 1176 980 1249 historia
1015 1186 1164 1252 universa

74 1294 78 1303 ’
133 1296 391 1383 disquisitiones,
427 1310 492 1363 tam
517 1298 650 1385 vestigia
669 1297 849 1364 indicantes
876 1299 984 1364 varim
1015 1297 1056 1365 ad
1092 1320 1163 1364 eam

17 1408 19 1499 J
134 1412 404 1497 praeparationis,
434 1433 532 1499 quam
554 1413 618 1477 vim
646 1411 714 1496 ejus
741 1412 969 1497 patefacientes
995 1413 1028 1477 ln
1052 1434 1165 1479 recen·

17 1528 19 1541 ’
137 1526 255 1590 tiorum
277 1526 474 1612 populorum
491 1526 557 1591 rita
577 1546 707 1613 prorsus
726 1526 932 1613 singularem.

90 1712 96 1721 ,
176 1640 204 1705 Δ
230 1638 331 1727 puero
353 1639 512 1706 lleusdius
533 1640 698 1728 religionis
727 1632 853 1706 nostrae
872 1624 1031 1707 elementa
1049 1662 1165 1727 perce·

133 1766 241 1841 perat,
266 1772 369 1842 eaque
391 1754 542 1841 prudenti
560 1756 754 1841 optimorum
773 1766 942 1841 parentum
963 1776 1042 1821 cura
1060 1759 1106 1821 sic
1127 1757 1163 1821 in

132 1882 274 1935 mentem
294 1880 558 1956 penetraverant,
581 1882 636 1950 ut,
655 1868 816 1958 quidquid
835 1862 1083 1936 saluberrimum
1104 1870 1162 1936 ha·

16 2034 17 2055 1
132 1986 230 2061 hant,
250 1983 431 2051 idindevix
450 1984 543 2049 evelli
562 1984 728 2070 potuisset.
758 1985 844 2068 Quin
856 1986 955 2070 patris
966 1987 1164 2050 narrationes

15 2152 16 2173 ,
133 2122 208 2165 eum
232 2120 435 2186 praeparasse
464 2100 504 2165 ad
532 2100 674 2187 aliquam
699 2098 741 2163 de
766 2100 931 2187 religionis
957 2099 1092 2184 hujusce
1108 2101 1164 2163 in·

132 2214 209 2281 dole
227 2214 292 2278 sive
312 2215 526 2300 suspicionem
553 2215 619 2278 sive
640 2215 897 2301 praesensionem
908 2214 1120 2281 meminimus.
1134 2211 1162 2301 1)

133 2330 284 2395 Attamen
299 2351 404 2416 neque
416 2328 499 2394 hanc
516 2329 718 2415 sequentium
734 2326 1015 2394 annornm-studia
1026 2328 1165 2393 multum

132 2439 397 2531 firmaveranv),
421 2456 454 2509 et
474 2444 563 2510 aliud
585 2445 731 2529 prolecto
759 2455 808 2507 est
832 2445 930 2508 vitam
960 2443 1001 2508 ad
1027 2455 1164 2523 certam,

14 2617 15 2650 ,
133 2559 315 2643 unicuique
336 2560 427 2622 velut
456 2559 490 2622 in
516 2557 622 2622 medio
644 2559 801 2642 positam,
825 2558 995 2642 Euangelii
1021 2577 1166 2622 normam

133 2672 278 2758 dirigere
296 2691 334 2736 ac
353 2673 520 2737 Summum
539 2671 597 2736 Dei
614 2672 740 2736 Numen
759 2671 812 2758 pie
831 2672 997 2752 venerari,
1021 2670 1110 2736 aliud
1131 2673 1165 2735 in

132 2787 322 2852 interiorem
349 2785 517 2872 Euangelii
541 2795 684 2850 naturam
711 2806 779 2849 seso
803 2787 985 2865 insinuare,
1008 2787 1073 2850 vim
1096 2786 1165 2871 ejus

14 2887 15 2926 ³
133 2921 262 2966 ornnem
288 2909 320 2963 et
343 2899 513 2965 sublimem
535 2899 651 2964 amoris
680 2911 778 2987 atque
804 2901 946 2965 veritatis
975 2919 1165 2966 consensum

133 3014 316 3102 perspicere
338 3032 376 3077 ac
403 3013 598 3098 persentire,
623 3013 657 3076 in
686 3035 782 3078 verae
807 3013 1030 3100 philosophiae
1056 3017 1165 3102 iaqui-

134 3149 207 3193 rere
229 3149 305 3193 cum
322 3147 396 3191 vera
416 3127 573 3213 religione
595 3126 877 3193 uecessitudinem.
911 3130 983 3193 fluo
1000 3122 1163 3216 videque-

133 3241 230 3308 modo
251 3242 425 3307 tetenderit
445 3240 613 3305 Heusdius.
655 3241 825 3327 Quotquot
848 3235 1023 3326 aliquando
1042 3241 1164 3327 legerat

135 3358 306 3442 scriptores
318 3357 365 3421 rei
375 3353 571 3420 Christianae
584 3364 713 3440 propter
723 3353 936 3440 ignorantiam
949 3354 1163 3435 adversarios,

135 3492 313 3558 numquam
332 3491 365 3534 se
380 3469 470 3562 abiis
486 3467 565 3533 adeo
583 3467 687 3552 abripi
698 3491 809 3554 passus
822 3479 908 3548 erat,
921 3479 958 3532 ut
968 3466 1008 3533 ad
1028 3467 1166 3533 alteram

136 3607 268 3672 quoque
298 3594 423 3670 partem
454 3581 647 3647 audiendam
668 3583 796 3668 ineptus
824 3583 984 3649 evasimt.
1029 3576 1164 3670 ltaque,

136 3721 239 3786 quum
251 3699 316 3763 suis
328 3699 424 3763 etiam
435 3697 547 3762 studiis
562 3709 759 3762 momentum
770 3710 984 3786 auguraretur
998 3699 1163 3785 religionis

137 3810 334 3879 Christianae
352 3811 486 3878 interius
505 3809 732 3890 attendendae,
755 3833 818 3876 non
844 3811 935 3876 tarde
953 3833 987 3876 se
1005 3811 1073 3878 huc
1088 3831 1165 3876 con·

142 4036 347 4047 ...u-...—

176 4201 202 4267 ll
221 4203 278 4253 Via.
294 4217 368 4267 supra
387 4218 410 4266 p.
432 4199 455 4249 4.

174 4287 201 4352 2)
220 4289 318 4338 Seornt.
339 4287 431 4337 scant
447 4286 499 4348 111,
518 4283 610 4336 Iuleisl.
627 4291 654 4336 st
672 4286 766 4336 Solsool
781 4301 832 4335 oen
849 4285 937 4350 Potyt.
957 4302 982 4350 p.
1001 4285 1044 4336 26.
