<?xml version="1.0" encoding="UTF-8"?>
<!DOCTYPE html PUBLIC "-//W3C//DTD XHTML 1.0 Transitional//EN"
    "http://www.w3.org/TR/xhtml1/DTD/xhtml1-transitional.dtd">
<html xmlns="http://www.w3.org/1999/xhtml" xml:lang="en" lang="en">
 <head>
  <title>
</title>
<meta http-equiv="Content-Type" content="text/html;charset=utf-8" />
  <meta name='ocr-system' content='tesseract 3.04.00' />
  <meta name='ocr-capabilities' content='ocr_page ocr_carea ocr_par ocr_line ocrx_word'/>
</head>
<body>
  <div class='ocr_page' id='page_1' title='image "./memoriaheusdii00rovegoog_0036.png"; bbox 0 0 2875 5075; ppageno 0'>
   <div class='ocr_carea' id='block_1_1' title="bbox 622 530 664 592">
    <p class='ocr_par' dir='ltr' id='par_1_1' title="bbox 622 530 664 592">
     <span class='ocr_line' id='line_1_1' title="bbox 622 530 664 592; baseline 0.024 -1"><span class='ocrx_word' id='word_1_1' title='bbox 622 530 664 592; x_wconf 77' lang='lat'><strong>25</strong></span> 
     </span>
    </p>
   </div>
   <div class='ocr_carea' id='block_1_2' title="bbox 126 702 1159 1587">
    <p class='ocr_par' dir='ltr' id='par_1_2' title="bbox 126 702 1159 1587">
     <span class='ocr_line' id='line_1_2' title="bbox 129 702 1157 790; baseline 0.004 -25"><span class='ocrx_word' id='word_1_2' title='bbox 129 723 213 790; x_wconf 88' lang='lat' dir='ltr'><strong>quae</strong></span> <span class='ocrx_word' id='word_1_3' title='bbox 242 722 340 787; x_wconf 88' lang='lat' dir='ltr'><strong>qnam</strong></span> <span class='ocrx_word' id='word_1_4' title='bbox 359 720 539 787; x_wconf 88' lang='lat' dir='ltr'><strong>repugnare</strong></span> <span class='ocrx_word' id='word_1_5' title='bbox 552 702 664 788; x_wconf 83' lang='lat' dir='ltr'><strong>pietati</strong></span> <span class='ocrx_word' id='word_1_6' title='bbox 681 712 798 788; x_wconf 88' lang='lat' dir='ltr'><strong>queat,</strong></span> <span class='ocrx_word' id='word_1_7' title='bbox 821 702 979 768; x_wconf 87' lang='lat' dir='ltr'><strong>Heusdius</strong></span> <span class='ocrx_word' id='word_1_8' title='bbox 996 703 1157 769; x_wconf 80' lang='lat' dir='ltr'><strong>Amitelo·</strong></span> 
     </span>
     <span class='ocr_line' id='line_1_3' title="bbox 128 815 1156 903; baseline 0.003 -23"><span class='ocrx_word' id='word_1_9' title='bbox 128 815 215 881; x_wconf 84' lang='lat' dir='ltr'><strong>dumi</strong></span> <span class='ocrx_word' id='word_1_10' title='bbox 240 816 367 900; x_wconf 90' lang='lat' dir='ltr'><strong>penitus</strong></span> <span class='ocrx_word' id='word_1_11' title='bbox 395 816 508 896; x_wconf 90' lang='lat' dir='ltr'><strong>sensit,</strong></span> <span class='ocrx_word' id='word_1_12' title='bbox 539 836 600 880; x_wconf 90' lang='lat' dir='ltr'><strong>nec</strong></span> <span class='ocrx_word' id='word_1_13' title='bbox 624 815 837 903; x_wconf 86' lang='lat' dir='ltr'><strong>quadraginta</strong></span> <span class='ocrx_word' id='word_1_14' title='bbox 860 816 961 881; x_wconf 81' lang='lat' dir='ltr'><strong>terme</strong></span> <span class='ocrx_word' id='word_1_15' title='bbox 977 818 1065 882; x_wconf 89' lang='lat' dir='ltr'><strong>annis</strong></span> <span class='ocrx_word' id='word_1_16' title='bbox 1085 828 1156 903; x_wconf 91' lang='lat' dir='ltr'><strong>post</strong></span> 
     </span>
     <span class='ocr_line' id='line_1_4' title="bbox 127 929 1158 1017; baseline 0.003 -24"><span class='ocrx_word' id='word_1_17' title='bbox 127 931 257 1016; x_wconf 85' lang='lat' dir='ltr'><strong>penitus</strong></span> <span class='ocrx_word' id='word_1_18' title='bbox 280 930 398 995; x_wconf 86' lang='lat' dir='ltr'><strong>oblitus</strong></span> <span class='ocrx_word' id='word_1_19' title='bbox 417 931 533 997; x_wconf 88' lang='lat' dir='ltr'><strong>fuerat.</strong></span> <span class='ocrx_word' id='word_1_20' title='bbox 551 931 683 995; x_wconf 83' lang='lat' dir='ltr'><strong>Scilicet</strong></span> <span class='ocrx_word' id='word_1_21' title='bbox 699 951 801 1016; x_wconf 90' lang='lat' dir='ltr'><strong>quum</strong></span> <span class='ocrx_word' id='word_1_22' title='bbox 812 929 1084 1017; x_wconf 75' lang='lat' dir='ltr'><strong>jurisprudentiae</strong></span> <span class='ocrx_word' id='word_1_23' title='bbox 1101 931 1158 996; x_wconf 86' lang='lat' dir='ltr'><strong>de-</strong></span> 
     </span>
     <span class='ocr_line' id='line_1_5' title="bbox 127 1043 1159 1129; baseline 0.002 -20"><span class='ocrx_word' id='word_1_24' title='bbox 127 1045 264 1109; x_wconf 70' lang='lat' dir='ltr'><strong>stinatus</strong></span> <span class='ocrx_word' id='word_1_25' title='bbox 279 1055 377 1123; x_wconf 89' lang='lat' dir='ltr'><strong>esset,</strong></span> <span class='ocrx_word' id='word_1_26' title='bbox 393 1054 485 1129; x_wconf 90' lang='lat' dir='ltr'><strong>pater</strong></span> <span class='ocrx_word' id='word_1_27' title='bbox 500 1046 530 1107; x_wconf 90' lang='lat' dir='ltr'><strong>ei</strong></span> <span class='ocrx_word' id='word_1_28' title='bbox 540 1056 663 1110; x_wconf 90' lang='lat' dir='ltr'><strong>mature</strong></span> <span class='ocrx_word' id='word_1_29' title='bbox 678 1043 761 1109; x_wconf 87' lang='lat' dir='ltr'><strong>banc</strong></span> <span class='ocrx_word' id='word_1_30' title='bbox 776 1044 1050 1112; x_wconf 83' lang='lat' dir='ltr'><strong>commendaverat</strong></span> <span class='ocrx_word' id='word_1_31' title='bbox 1063 1046 1159 1113; x_wconf 88' lang='lat' dir='ltr'><strong>disci-</strong></span> 
     </span>
     <span class='ocr_line' id='line_1_6' title="bbox 126 1157 1158 1245; baseline 0.004 -24"><span class='ocrx_word' id='word_1_32' title='bbox 126 1159 265 1244; x_wconf 90' lang='lat' dir='ltr'><strong>plinam,</strong></span> <span class='ocrx_word' id='word_1_33' title='bbox 288 1157 483 1245; x_wconf 84' lang='lat' dir='ltr'><strong>dignumque</strong></span> <span class='ocrx_word' id='word_1_34' title='bbox 500 1180 578 1244; x_wconf 88' lang='lat' dir='ltr'><strong>prae</strong></span> <span class='ocrx_word' id='word_1_35' title='bbox 596 1160 667 1225; x_wconf 89' lang='lat' dir='ltr'><strong>aliis</strong></span> <span class='ocrx_word' id='word_1_36' title='bbox 683 1158 829 1223; x_wconf 90' lang='lat' dir='ltr'><strong>omnibus</strong></span> <span class='ocrx_word' id='word_1_37' title='bbox 845 1158 988 1238; x_wconf 75' lang='lat' dir='ltr'>dixerat,</span> <span class='ocrx_word' id='word_1_38' title='bbox 1012 1160 1045 1223; x_wconf 88' lang='lat' dir='ltr'><strong>in</strong></span> <span class='ocrx_word' id='word_1_39' title='bbox 1061 1182 1158 1245; x_wconf 88' lang='lat' dir='ltr'><strong>quam</strong></span> 
     </span>
     <span class='ocr_line' id='line_1_7' title="bbox 127 1270 1158 1359; baseline 0.002 -23"><span class='ocrx_word' id='word_1_40' title='bbox 127 1282 196 1337; x_wconf 88' lang='lat' dir='ltr'><strong>tota</strong></span> <span class='ocrx_word' id='word_1_41' title='bbox 222 1282 330 1336; x_wconf 90' lang='lat' dir='ltr'><strong>mente</strong></span> <span class='ocrx_word' id='word_1_42' title='bbox 356 1272 570 1338; x_wconf 73' lang='lat' dir='ltr'><strong>incumberet.</strong></span> <span class='ocrx_word' id='word_1_43' title='bbox 608 1273 824 1355; x_wconf 77' lang='lat' dir='ltr'><strong>Quamobrem</strong></span> <span class='ocrx_word' id='word_1_44' title='bbox 851 1273 1072 1359; x_wconf 76' lang='lat' dir='ltr'>progressibus</span> <span class='ocrx_word' id='word_1_45' title='bbox 1099 1270 1158 1338; x_wconf 85' lang='lat' dir='ltr'><strong>filii</strong></span> 
     </span>
     <span class='ocr_line' id='line_1_8' title="bbox 128 1385 1158 1473; baseline 0.003 -24"><span class='ocrx_word' id='word_1_46' title='bbox 128 1388 164 1449; x_wconf 92' lang='lat' dir='ltr'><strong>in</strong></span> <span class='ocrx_word' id='word_1_47' title='bbox 192 1386 296 1450; x_wconf 88' lang='lat' dir='ltr'><strong>literis</strong></span> <span class='ocrx_word' id='word_1_48' title='bbox 324 1388 466 1473; x_wconf 83' lang='lat' dir='ltr'><strong>antiquis</strong></span> <span class='ocrx_word' id='word_1_49' title='bbox 488 1398 521 1451; x_wconf 90' lang='lat' dir='ltr'><strong>et</strong></span> <span class='ocrx_word' id='word_1_50' title='bbox 546 1407 669 1452; x_wconf 90' lang='lat' dir='ltr'><strong>summo</strong></span> <span class='ocrx_word' id='word_1_51' title='bbox 687 1385 965 1453; x_wconf 83' lang='lat' dir='ltr'><strong>discendi&#39;asdcre</strong></span> <span class='ocrx_word' id='word_1_52' title='bbox 981 1385 1158 1472; x_wconf 87' lang='lat' dir='ltr'><strong>plurimum</strong></span> 
     </span>
     <span class='ocr_line' id='line_1_9' title="bbox 130 1498 1158 1587; baseline 0.002 -22"><span class='ocrx_word' id='word_1_53' title='bbox 130 1498 264 1586; x_wconf 90' lang='lat' dir='ltr'><strong>quidem</strong></span> <span class='ocrx_word' id='word_1_54' title='bbox 292 1499 473 1587; x_wconf 76' lang='lat' dir='ltr'><strong>gaudebat,</strong></span> <span class='ocrx_word' id='word_1_55' title='bbox 507 1500 563 1565; x_wconf 88' lang='lat' dir='ltr'><strong>sed</strong></span> <span class='ocrx_word' id='word_1_56' title='bbox 587 1503 688 1587; x_wconf 90' lang='lat' dir='ltr'><strong>magis</strong></span> <span class='ocrx_word' id='word_1_57' title='bbox 713 1500 857 1584; x_wconf 85' lang='lat' dir='ltr'><strong>ejusdem</strong></span> <span class='ocrx_word' id='word_1_58' title='bbox 884 1500 1064 1567; x_wconf 87' lang='lat' dir='ltr'><strong>laetabatur</strong></span> <span class='ocrx_word' id='word_1_59' title='bbox 1082 1502 1158 1567; x_wconf 82' lang='lat' dir='ltr'><strong>ussi·</strong></span> 
     </span>
    </p>
   </div>
   <div class='ocr_carea' id='block_1_3' title="bbox 10 1614 1219 1704">
    <p class='ocr_par' dir='ltr' id='par_1_3' title="bbox 10 1614 1219 1704">
     <span class='ocr_line' id='line_1_10' title="bbox 10 1614 1219 1704; baseline 0.001 -24"><span class='ocrx_word' id='word_1_60' title='bbox 10 1625 11 1704; x_wconf 49' lang='grc' dir='ltr'><strong>ᾗ</strong></span> <span class='ocrx_word' id='word_1_61' title='bbox 127 1614 251 1680; x_wconf 87' lang='lat' dir='ltr'><strong>duitate</strong></span> <span class='ocrx_word' id='word_1_62' title='bbox 275 1616 310 1679; x_wconf 90' lang='lat' dir='ltr'><strong>in</strong></span> <span class='ocrx_word' id='word_1_63' title='bbox 328 1614 482 1681; x_wconf 76' lang='lat' dir='ltr'><strong>adeundis</strong></span> <span class='ocrx_word' id='word_1_64' title='bbox 493 1614 768 1702; x_wconf 74' lang='lat' dir='ltr'><strong>jurisprudentiae</strong></span> <span class='ocrx_word' id='word_1_65' title='bbox 786 1614 903 1681; x_wconf 89' lang='lat' dir='ltr'><strong>scholis</strong></span> <span class='ocrx_word' id='word_1_66' title='bbox 923 1626 955 1679; x_wconf 89' lang='lat' dir='ltr'><strong>et</strong></span> <span class='ocrx_word' id='word_1_67' title='bbox 973 1636 990 1679; x_wconf 93' lang='lat' dir='ltr'><strong>e</strong></span> <span class='ocrx_word' id='word_1_68' title='bbox 1006 1635 1160 1702; x_wconf 88' lang='lat' dir='ltr'><strong>progres-</strong></span> <span class='ocrx_word' id='word_1_69' title='bbox 1217 1678 1219 1681; x_wconf 84' lang='lat'>.</span> 
     </span>
    </p>
   </div>
   <div class='ocr_carea' id='block_1_4' title="bbox 125 1728 1158 2163">
    <p class='ocr_par' dir='ltr' id='par_1_4' title="bbox 125 1728 1158 2163">
     <span class='ocr_line' id='line_1_11' title="bbox 127 1728 1157 1815; baseline -0.001 -21"><span class='ocrx_word' id='word_1_70' title='bbox 127 1728 217 1794; x_wconf 87' lang='lat' dir='ltr'><strong>sibus</strong></span> <span class='ocrx_word' id='word_1_71' title='bbox 231 1729 311 1809; x_wconf 90' lang='lat' dir='ltr'><strong>illis,</strong></span> <span class='ocrx_word' id='word_1_72' title='bbox 326 1730 362 1793; x_wconf 90' lang='lat' dir='ltr'><strong>iu</strong></span> <span class='ocrx_word' id='word_1_73' title='bbox 377 1728 656 1815; x_wconf 88' lang='lat' dir='ltr'><strong>diligentissimum</strong></span> <span class='ocrx_word' id='word_1_74' title='bbox 666 1731 749 1813; x_wconf 91' lang='lat' dir='ltr'><strong>juris</strong></span> <span class='ocrx_word' id='word_1_75' title='bbox 763 1728 906 1796; x_wconf 89' lang='lat' dir='ltr'><strong>studium</strong></span> <span class='ocrx_word' id='word_1_76' title='bbox 920 1728 1157 1808; x_wconf 76' lang='lat' dir='ltr'><strong>convertendis,</strong></span> 
     </span>
     <span class='ocr_line' id='line_1_12' title="bbox 125 1830 1158 1937; baseline 0.002 -30"><span class='ocrx_word' id='word_1_77' title='bbox 125 1844 212 1908; x_wconf 82' lang='lat' dir='ltr'><strong>bona</strong></span> <span class='ocrx_word' id='word_1_78' title='bbox 227 1844 334 1909; x_wconf 90' lang='lat' dir='ltr'><strong>omnia</strong></span> <span class='ocrx_word' id='word_1_79' title='bbox 345 1830 576 1930; x_wconf 79' lang='lat' dir='ltr'><strong>augurabatur.</strong></span> <span class='ocrx_word' id='word_1_80' title='bbox 593 1845 728 1937; x_wconf 80' lang='lat' dir='ltr'><strong>Biennio</strong></span> <span class='ocrx_word' id='word_1_81' title='bbox 743 1856 851 1909; x_wconf 88' lang='lat' dir='ltr'><strong>autem</strong></span> <span class='ocrx_word' id='word_1_82' title='bbox 868 1856 994 1923; x_wconf 87' lang='lat' dir='ltr'><strong>exacto,</strong></span> <span class='ocrx_word' id='word_1_83' title='bbox 1007 1843 1158 1927; x_wconf 85' lang='lat' dir='ltr'><strong>juvenem</strong></span> 
     </span>
     <span class='ocr_line' id='line_1_13' title="bbox 128 1958 1158 2043; baseline 0.002 -22"><span class='ocrx_word' id='word_1_84' title='bbox 128 1958 285 2043; x_wconf 87' lang='lat' dir='ltr'><strong>paulatim</strong></span> <span class='ocrx_word' id='word_1_85' title='bbox 313 1958 450 2043; x_wconf 86' lang='lat' dir='ltr'><strong>negotiis</strong></span> <span class='ocrx_word' id='word_1_86' title='bbox 478 1958 541 2022; x_wconf 84' lang='lat' dir='ltr'><strong>lori</strong></span> <span class='ocrx_word' id='word_1_87' title='bbox 563 1958 724 2023; x_wconf 84' lang='lat' dir='ltr'><strong>assuefieri</strong></span> <span class='ocrx_word' id='word_1_88' title='bbox 754 1969 901 2043; x_wconf 89' lang='lat' dir='ltr'><strong>oportere</strong></span> <span class='ocrx_word' id='word_1_89' title='bbox 926 1959 1061 2025; x_wconf 90' lang='lat' dir='ltr'><strong>censuit.</strong></span> <span class='ocrx_word' id='word_1_90' title='bbox 1094 1958 1158 2023; x_wconf 88' lang='lat' dir='ltr'><strong>lta·</strong></span> 
     </span>
     <span class='ocr_line' id='line_1_14' title="bbox 129 2071 1157 2163; baseline -0.001 -27"><span class='ocrx_word' id='word_1_91' title='bbox 129 2093 196 2159; x_wconf 91' lang='lat' dir='ltr'><strong>que</strong></span> <span class='ocrx_word' id='word_1_92' title='bbox 225 2073 358 2137; x_wconf 82' lang='lat' dir='ltr'><strong>crebrae</strong></span> <span class='ocrx_word' id='word_1_93' title='bbox 383 2072 425 2137; x_wconf 90' lang='lat' dir='ltr'><strong>de</strong></span> <span class='ocrx_word' id='word_1_94' title='bbox 452 2072 619 2137; x_wconf 88' lang='lat' dir='ltr'><strong>audiendis</strong></span> <span class='ocrx_word' id='word_1_95' title='bbox 636 2072 812 2137; x_wconf 89' lang='lat' dir='ltr'><strong>identidem</strong></span> <span class='ocrx_word' id='word_1_96' title='bbox 831 2094 998 2137; x_wconf 86' lang='lat' dir='ltr'><strong>causarum</strong></span> <span class='ocrx_word' id='word_1_97' title='bbox 1016 2071 1157 2163; x_wconf 72' lang='lat' dir='ltr'><strong>petronis</strong></span> 
     </span>
    </p>
   </div>
   <div class='ocr_carea' id='block_1_5' title="bbox 10 2166 1158 2388">
    <p class='ocr_par' dir='ltr' id='par_1_5' title="bbox 10 2166 1158 2388">
     <span class='ocr_line' id='line_1_15' title="bbox 10 2166 1158 2275; baseline 0.001 -25"><span class='ocrx_word' id='word_1_98' title='bbox 10 2247 11 2270; x_wconf 15' lang='grc' dir='ltr'>χ</span> <span class='ocrx_word' id='word_1_99' title='bbox 92 2166 97 2173; x_wconf 49' lang='grc'><strong>’</strong></span> <span class='ocrx_word' id='word_1_100' title='bbox 128 2187 242 2251; x_wconf 89' lang='lat' dir='ltr'><strong>literae</strong></span> <span class='ocrx_word' id='word_1_101' title='bbox 259 2197 372 2267; x_wconf 86' lang='lat' dir='ltr'><strong>eraut,</strong></span> <span class='ocrx_word' id='word_1_102' title='bbox 403 2186 466 2252; x_wconf 91' lang='lat' dir='ltr'><strong>boc</strong></span> <span class='ocrx_word' id='word_1_103' title='bbox 486 2188 564 2251; x_wconf 91' lang='lat' dir='ltr'><strong>item</strong></span> <span class='ocrx_word' id='word_1_104' title='bbox 581 2198 770 2274; x_wconf 88' lang='lat' dir='ltr'><strong>argumento</strong></span> <span class='ocrx_word' id='word_1_105' title='bbox 789 2196 954 2275; x_wconf 84' lang='lat' dir='ltr'><strong>paternam</strong></span> <span class='ocrx_word' id='word_1_106' title='bbox 976 2186 1158 2272; x_wconf 83' lang='lat' dir='ltr'><strong>opinionem</strong></span> 
     </span>
     <span class='ocr_line' id='line_1_16' title="bbox 10 2300 1155 2388; baseline 0 -23"><span class='ocrx_word' id='word_1_107' title='bbox 10 2321 11 2326; x_wconf 50' lang='lat'>¹</span> <span class='ocrx_word' id='word_1_108' title='bbox 126 2312 298 2388; x_wconf 86' lang='lat' dir='ltr'><strong>urgentes:</strong></span> <span class='ocrx_word' id='word_1_109' title='bbox 330 2301 442 2387; x_wconf 87' lang='lat' dir='ltr'><strong>«quod</strong></span> <span class='ocrx_word' id='word_1_110' title='bbox 466 2301 619 2384; x_wconf 89' lang='lat' dir='ltr'><strong>majorem</strong></span> <span class='ocrx_word' id='word_1_111' title='bbox 642 2304 676 2365; x_wconf 89' lang='lat' dir='ltr'><strong>in</strong></span> <span class='ocrx_word' id='word_1_112' title='bbox 702 2300 833 2367; x_wconf 90' lang='lat' dir='ltr'><strong>mudum</strong></span> <span class='ocrx_word' id='word_1_113' title='bbox 859 2301 998 2381; x_wconf 84' lang='lat' dir='ltr'><strong>suadeo,</strong></span> <span class='ocrx_word' id='word_1_114' title='bbox 1029 2302 1073 2368; x_wconf 86' lang='lat' dir='ltr'><strong>rui</strong></span> <span class='ocrx_word' id='word_1_115' title='bbox 1089 2300 1155 2379; x_wconf 81' lang='lat' dir='ltr'><strong>fili,</strong></span> 
     </span>
    </p>
   </div>
   <div class='ocr_carea' id='block_1_6' title="bbox 126 2413 1157 2613">
    <p class='ocr_par' dir='ltr' id='par_1_6' title="bbox 126 2413 1157 2613">
     <span class='ocr_line' id='line_1_17' title="bbox 126 2413 1157 2500; baseline 0 -23"><span class='ocrx_word' id='word_1_116' title='bbox 126 2413 190 2479; x_wconf 89' lang='lat' dir='ltr'><strong>bue</strong></span> <span class='ocrx_word' id='word_1_117' title='bbox 207 2414 425 2480; x_wconf 81' lang='lat' dir='ltr'><strong>tibi&#39;mnltum</strong></span> <span class='ocrx_word' id='word_1_118' title='bbox 442 2416 594 2500; x_wconf 86' lang='lat' dir='ltr'><strong>proderit.</strong></span> <span class='ocrx_word' id='word_1_119' title='bbox 629 2418 830 2500; x_wconf 81' lang='lat' dir='ltr'><strong>Praeparatio</strong></span> <span class='ocrx_word' id='word_1_120' title='bbox 849 2417 909 2481; x_wconf 86' lang='lat' dir='ltr'><strong>erit</strong></span> <span class='ocrx_word' id='word_1_121' title='bbox 927 2415 967 2480; x_wconf 89' lang='lat' dir='ltr'><strong>ad</strong></span> <span class='ocrx_word' id='word_1_122' title='bbox 986 2418 1157 2479; x_wconf 85' lang='lat' dir='ltr'><strong>instantem</strong></span> 
     </span>
     <span class='ocr_line' id='line_1_18' title="bbox 126 2528 1156 2613; baseline 0.001 -21"><span class='ocrx_word' id='word_1_123' title='bbox 126 2528 211 2593; x_wconf 83' lang='lat' dir='ltr'><strong>ritae</strong></span> <span class='ocrx_word' id='word_1_124' title='bbox 227 2528 453 2594; x_wconf 90' lang='lat' dir='ltr'><strong>conditionem.</strong></span> <span class='ocrx_word' id='word_1_125' title='bbox 477 2530 620 2594; x_wconf 85' lang='lat' dir='ltr'><strong>Primum</strong></span> <span class='ocrx_word' id='word_1_126' title='bbox 637 2531 721 2593; x_wconf 91' lang='lat' dir='ltr'><strong>enim</strong></span> <span class='ocrx_word' id='word_1_127' title='bbox 737 2541 769 2592; x_wconf 89' lang='lat' dir='ltr'><strong>te</strong></span> <span class='ocrx_word' id='word_1_128' title='bbox 785 2551 952 2594; x_wconf 81' lang='lat' dir='ltr'><strong>causarum</strong></span> <span class='ocrx_word' id='word_1_129' title='bbox 965 2541 1156 2613; x_wconf 88' lang='lat' dir='ltr'><strong>patronum,</strong></span> 
     </span>
    </p>
   </div>
   <div class='ocr_carea' id='block_1_7' title="bbox 10 2640 1155 3185">
    <p class='ocr_par' dir='ltr' id='par_1_7' title="bbox 10 2640 1155 3185">
     <span class='ocr_line' id='line_1_19' title="bbox 10 2640 1155 2728; baseline -0.003 -20"><span class='ocrx_word' id='word_1_130' title='bbox 10 2678 11 2724; x_wconf 64' lang='lat'>;</span> <span class='ocrx_word' id='word_1_131' title='bbox 126 2654 198 2708; x_wconf 90' lang='lat' dir='ltr'><strong>tum</strong></span> <span class='ocrx_word' id='word_1_132' title='bbox 229 2640 407 2706; x_wconf 88' lang='lat' dir='ltr'><strong>honorifica</strong></span> <span class='ocrx_word' id='word_1_133' title='bbox 436 2642 471 2706; x_wconf 89' lang='lat' dir='ltr'><strong>in</strong></span> <span class='ocrx_word' id='word_1_134' title='bbox 498 2642 625 2709; x_wconf 67' lang='lat' dir='ltr'><strong>ciuitate</strong></span> <span class='ocrx_word' id='word_1_135' title='bbox 645 2663 779 2706; x_wconf 91' lang='lat' dir='ltr'><strong>munera</strong></span> <span class='ocrx_word' id='word_1_136' title='bbox 799 2643 970 2707; x_wconf 86' lang='lat' dir='ltr'><strong>obeuntem</strong></span> <span class='ocrx_word' id='word_1_137' title='bbox 989 2642 1090 2728; x_wconf 89' lang='lat' dir='ltr'><strong>gestio</strong></span> <span class='ocrx_word' id='word_1_138' title='bbox 1110 2643 1155 2704; x_wconf 85' lang='lat' dir='ltr'><strong>vi-</strong></span> 
     </span>
     <span class='ocr_line' id='line_1_20' title="bbox 10 2734 1155 2842; baseline 0.001 -22"><span class='ocrx_word' id='word_1_139' title='bbox 10 2734 11 2771; x_wconf 59' lang='lat'><em>³</em></span> <span class='ocrx_word' id='word_1_140' title='bbox 126 2755 245 2820; x_wconf 88' lang='lat' dir='ltr'><strong>dere.»</strong></span> <span class='ocrx_word' id='word_1_141' title='bbox 269 2754 588 2840; x_wconf 77' lang='lat' dir='ltr'><strong>-fleusttuspasri</strong></span> <span class='ocrx_word' id='word_1_142' title='bbox 608 2756 851 2842; x_wconf 81' lang='lat' dir='ltr'><strong>obtemperans,</strong></span> <span class='ocrx_word' id='word_1_143' title='bbox 876 2757 979 2822; x_wconf 87' lang='lat' dir='ltr'><strong>censis</strong></span> <span class='ocrx_word' id='word_1_144' title='bbox 1000 2756 1085 2842; x_wconf 79' lang='lat' dir='ltr'><strong>apud</strong></span> <span class='ocrx_word' id='word_1_145' title='bbox 1100 2755 1155 2840; x_wconf 87' lang='lat' dir='ltr'><strong>ju·</strong></span> 
     </span>
     <span class='ocr_line' id='line_1_21' title="bbox 10 2867 1154 2955; baseline 0.002 -23"><span class='ocrx_word' id='word_1_146' title='bbox 10 2900 11 2911; x_wconf 23' lang='grc' dir='ltr'><strong>κ</strong></span> <span class='ocrx_word' id='word_1_147' title='bbox 126 2869 214 2934; x_wconf 88' lang='lat' dir='ltr'><strong>dices</strong></span> <span class='ocrx_word' id='word_1_148' title='bbox 234 2867 367 2955; x_wconf 80' lang='lat' dir='ltr'><strong>agendis</strong></span> <span class='ocrx_word' id='word_1_149' title='bbox 385 2868 522 2933; x_wconf 91' lang='lat' dir='ltr'><strong>subinde</strong></span> <span class='ocrx_word' id='word_1_150' title='bbox 537 2871 842 2949; x_wconf 76' lang='lat' dir='ltr'><strong>intererat,attente</strong></span> <span class='ocrx_word' id='word_1_151' title='bbox 864 2871 992 2935; x_wconf 91' lang='lat' dir='ltr'><strong>omnino</strong></span> <span class='ocrx_word' id='word_1_152' title='bbox 1010 2870 1154 2950; x_wconf 82' lang='lat' dir='ltr'><strong>audieus,</strong></span> 
     </span>
     <span class='ocr_line' id='line_1_22' title="bbox 126 2983 1153 3072; baseline 0.006 -26.29"><span class='ocrx_word' id='word_1_153' title='bbox 126 2983 182 3048; x_wconf 89' lang='lat' dir='ltr'><strong>sed</strong></span> <span class='ocrx_word' id='word_1_154' title='bbox 200 3005 315 3070; x_wconf 84' lang='lat' dir='ltr'><strong>purum</strong></span> <span class='ocrx_word' id='word_1_155' title='bbox 330 2983 533 3070; x_wconf 89' lang='lat' dir='ltr'><strong>intelligens,</strong></span> <span class='ocrx_word' id='word_1_156' title='bbox 564 2986 605 3049; x_wconf 92' lang='lat' dir='ltr'><strong>iis</strong></span> <span class='ocrx_word' id='word_1_157' title='bbox 624 2996 755 3072; x_wconf 88' lang='lat' dir='ltr'><strong>autem,</strong></span> <span class='ocrx_word' id='word_1_158' title='bbox 785 3007 868 3071; x_wconf 91' lang='lat' dir='ltr'><strong>quae</strong></span> <span class='ocrx_word' id='word_1_159' title='bbox 888 2984 1110 3071; x_wconf 85' lang='lat' dir='ltr'><strong>intelligebat,</strong></span> <span class='ocrx_word' id='word_1_160' title='bbox 1135 3007 1153 3052; x_wconf 85' lang='lat' dir='ltr'><strong>s</strong></span> 
     </span>
     <span class='ocr_line' id='line_1_23' title="bbox 10 3092 1154 3185; baseline 0.003 -23"><span class='ocrx_word' id='word_1_161' title='bbox 10 3092 11 3171; x_wconf 63' lang='lat' dir='ltr'><strong>l</strong></span> <span class='ocrx_word' id='word_1_162' title='bbox 122 3097 396 3183; x_wconf 83' lang='lat' dir='ltr'><strong>jurisprudentiae</strong></span> <span class='ocrx_word' id='word_1_163' title='bbox 423 3099 529 3163; x_wconf 88' lang='lat' dir='ltr'><strong>studio</strong></span> <span class='ocrx_word' id='word_1_164' title='bbox 560 3101 695 3164; x_wconf 90' lang='lat' dir='ltr'><strong>alienior</strong></span> <span class='ocrx_word' id='word_1_165' title='bbox 722 3121 818 3185; x_wconf 87' lang='lat' dir='ltr'><strong>qnam</strong></span> <span class='ocrx_word' id='word_1_166' title='bbox 845 3098 883 3164; x_wconf 89' lang='lat' dir='ltr'><strong>ad</strong></span> <span class='ocrx_word' id='word_1_167' title='bbox 914 3099 948 3164; x_wconf 94' lang='lat' dir='ltr'><strong>id</strong></span> <span class='ocrx_word' id='word_1_168' title='bbox 968 3101 1154 3184; x_wconf 89' lang='lat' dir='ltr'><strong>propensior</strong></span> 
     </span>
    </p>
   </div>
   <div class='ocr_carea' id='block_1_8' title="bbox 112 3211 1178 3644">
    <p class='ocr_par' dir='ltr' id='par_1_8' title="bbox 112 3211 1178 3644">
     <span class='ocr_line' id='line_1_24' title="bbox 127 3211 1154 3297; baseline 0.004 -23"><span class='ocrx_word' id='word_1_169' title='bbox 127 3211 275 3277; x_wconf 81' lang='lat' dir='ltr'><strong>eradens.</strong></span> <span class='ocrx_word' id='word_1_170' title='bbox 299 3212 518 3297; x_wconf 86' lang='lat' dir='ltr'><strong>Displicebant</strong></span> <span class='ocrx_word' id='word_1_171' title='bbox 535 3234 644 3276; x_wconf 90' lang='lat' dir='ltr'><strong>rerum</strong></span> <span class='ocrx_word' id='word_1_172' title='bbox 660 3213 835 3278; x_wconf 80' lang='lat' dir='ltr'><strong>forensium</strong></span> <span class='ocrx_word' id='word_1_173' title='bbox 851 3214 966 3292; x_wconf 89' lang='lat' dir='ltr'><strong>tricae,</strong></span> <span class='ocrx_word' id='word_1_174' title='bbox 991 3214 1154 3296; x_wconf 81' lang='lat' dir='ltr'><strong>epiuosn&#39;m</strong></span> 
     </span>
     <span class='ocr_line' id='line_1_25' title="bbox 126 3324 1153 3412; baseline 0.001 -24"><span class='ocrx_word' id='word_1_175' title='bbox 126 3325 325 3410; x_wconf 83' lang='lat' dir='ltr'><strong>disceptandi</strong></span> <span class='ocrx_word' id='word_1_176' title='bbox 346 3347 469 3412; x_wconf 88' lang='lat' dir='ltr'><strong>genus,</strong></span> <span class='ocrx_word' id='word_1_177' title='bbox 497 3337 687 3412; x_wconf 89' lang='lat' dir='ltr'><strong>argumenta</strong></span> <span class='ocrx_word' id='word_1_178' title='bbox 704 3327 805 3410; x_wconf 87' lang='lat' dir='ltr'><strong>ipsius</strong></span> <span class='ocrx_word' id='word_1_179' title='bbox 824 3348 842 3389; x_wconf 90' lang='lat' dir='ltr'><strong>a</strong></span> <span class='ocrx_word' id='word_1_180' title='bbox 861 3324 986 3408; x_wconf 84' lang='lat' dir='ltr'><strong>deliciis</strong></span> <span class='ocrx_word' id='word_1_181' title='bbox 1006 3327 1153 3391; x_wconf 84' lang='lat' dir='ltr'><strong>resuntis-</strong></span> 
     </span>
     <span class='ocr_line' id='line_1_26' title="bbox 112 3439 1154 3527; baseline 0.006 -25"><span class='ocrx_word' id='word_1_182' title='bbox 112 3439 228 3518; x_wconf 89' lang='lat' dir='ltr'><strong>‘sima,</strong></span> <span class='ocrx_word' id='word_1_183' title='bbox 257 3439 299 3504; x_wconf 89' lang='lat' dir='ltr'><strong>de</strong></span> <span class='ocrx_word' id='word_1_184' title='bbox 313 3440 418 3517; x_wconf 79' lang='lat' dir='ltr'><strong>furto,</strong></span> <span class='ocrx_word' id='word_1_185' title='bbox 451 3441 573 3504; x_wconf 82' lang='lat' dir='ltr'><strong>loribus</strong></span> <span class='ocrx_word' id='word_1_186' title='bbox 590 3440 752 3518; x_wconf 76' lang='lat' dir='ltr'><strong>effractis,</strong></span> <span class='ocrx_word' id='word_1_187' title='bbox 786 3440 869 3508; x_wconf 82' lang='lat' dir='ltr'><strong>mala</strong></span> <span class='ocrx_word' id='word_1_188' title='bbox 885 3439 948 3510; x_wconf 80' lang='lat' dir='ltr'><strong>tide</strong></span> <span class='ocrx_word' id='word_1_189' title='bbox 967 3440 1000 3502; x_wconf 92' lang='lat' dir='ltr'><strong>in</strong></span> <span class='ocrx_word' id='word_1_190' title='bbox 1024 3461 1154 3527; x_wconf 82' lang='lat' dir='ltr'><strong>syngra-</strong></span> 
     </span>
     <span class='ocr_line' id='line_1_27' title="bbox 127 3552 1178 3644; baseline 0.003 -27"><span class='ocrx_word' id='word_1_191' title='bbox 127 3553 221 3637; x_wconf 89' lang='lat' dir='ltr'><strong>phis,</strong></span> <span class='ocrx_word' id='word_1_192' title='bbox 256 3554 319 3618; x_wconf 88' lang='lat' dir='ltr'><strong>alia</strong></span> <span class='ocrx_word' id='word_1_193' title='bbox 345 3552 379 3617; x_wconf 90' lang='lat' dir='ltr'><strong>id</strong></span> <span class='ocrx_word' id='word_1_194' title='bbox 412 3575 512 3638; x_wconf 89' lang='lat' dir='ltr'><strong>genus</strong></span> <span class='ocrx_word' id='word_1_195' title='bbox 539 3554 643 3640; x_wconf 89' lang='lat' dir='ltr'><strong>plura.</strong></span> <span class='ocrx_word' id='word_1_196' title='bbox 683 3555 850 3644; x_wconf 81' lang='lat' dir='ltr'><strong>Crassum,</strong></span> <span class='ocrx_word' id='word_1_197' title='bbox 874 3554 928 3638; x_wconf 88' lang='lat' dir='ltr'><strong>jus</strong></span> <span class='ocrx_word' id='word_1_198' title='bbox 956 3565 1088 3621; x_wconf 87' lang='lat' dir='ltr'><strong>naturae</strong></span> <span class='ocrx_word' id='word_1_199' title='bbox 1121 3568 1178 3620; x_wconf 65' lang='lat' dir='ltr'><strong>et=</strong></span> 
     </span>
    </p>
   </div>
   <div class='ocr_carea' id='block_1_9' title="bbox 10 3667 1151 3764">
    <p class='ocr_par' dir='ltr' id='par_1_9' title="bbox 10 3667 1151 3764">
     <span class='ocr_line' id='line_1_28' title="bbox 10 3667 1151 3764; baseline 0.002 -32"><span class='ocrx_word' id='word_1_200' title='bbox 10 3700 11 3749; x_wconf 55' lang='lat' dir='ltr'><strong>p</strong></span> <span class='ocrx_word' id='word_1_201' title='bbox 125 3667 276 3732; x_wconf 84' lang='lat' dir='ltr'><strong>Grotium</strong></span> <span class='ocrx_word' id='word_1_202' title='bbox 303 3667 537 3764; x_wconf 78' lang='lat' dir='ltr'><strong>explicantem,</strong></span> <span class='ocrx_word' id='word_1_203' title='bbox 576 3669 713 3732; x_wconf 86' lang='lat' dir='ltr'><strong>multum</strong></span> <span class='ocrx_word' id='word_1_204' title='bbox 741 3670 775 3732; x_wconf 92' lang='lat' dir='ltr'><strong>in</strong></span> <span class='ocrx_word' id='word_1_205' title='bbox 803 3681 936 3735; x_wconf 80' lang='lat' dir='ltr'><strong>naturae</strong></span> <span class='ocrx_word' id='word_1_206' title='bbox 966 3669 1037 3755; x_wconf 88' lang='lat' dir='ltr'><strong>lege</strong></span> <span class='ocrx_word' id='word_1_207' title='bbox 1066 3670 1151 3734; x_wconf 90' lang='lat' dir='ltr'><strong>cele·</strong></span> 
     </span>
    </p>
   </div>
   <div class='ocr_carea' id='block_1_10' title="bbox 123 3779 1153 4323">
    <p class='ocr_par' dir='ltr' id='par_1_10' title="bbox 123 3779 1153 4323">
     <span class='ocr_line' id='line_1_29' title="bbox 125 3779 1152 3877; baseline 0.002 -31"><span class='ocrx_word' id='word_1_208' title='bbox 125 3780 274 3877; x_wconf 80' lang='lat' dir='ltr'><strong>brauda,</strong></span> <span class='ocrx_word' id='word_1_209' title='bbox 314 3781 349 3844; x_wconf 91' lang='lat' dir='ltr'><strong>iu</strong></span> <span class='ocrx_word' id='word_1_210' title='bbox 386 3780 470 3863; x_wconf 85' lang='lat' dir='ltr'><strong>juris</strong></span> <span class='ocrx_word' id='word_1_211' title='bbox 509 3779 610 3846; x_wconf 84' lang='lat' dir='ltr'><strong>effatis</strong></span> <span class='ocrx_word' id='word_1_212' title='bbox 651 3781 839 3868; x_wconf 88' lang='lat' dir='ltr'><strong>philosopha</strong></span> <span class='ocrx_word' id='word_1_213' title='bbox 880 3785 1002 3850; x_wconf 86' lang='lat' dir='ltr'><strong>ratione</strong></span> <span class='ocrx_word' id='word_1_214' title='bbox 1033 3805 1152 3868; x_wconf 32' lang='lat' dir='ltr'><strong>,expo-</strong></span> 
     </span>
     <span class='ocr_line' id='line_1_30' title="bbox 126 3893 1153 3986; baseline 0 -26"><span class='ocrx_word' id='word_1_215' title='bbox 126 3895 262 3975; x_wconf 89' lang='lat' dir='ltr'><strong>nendis,</strong></span> <span class='ocrx_word' id='word_1_216' title='bbox 299 3894 341 3960; x_wconf 89' lang='lat' dir='ltr'><strong>ad</strong></span> <span class='ocrx_word' id='word_1_217' title='bbox 368 3893 556 3961; x_wconf 78' lang='lat' dir='ltr'><strong>Ciceronem</strong></span> <span class='ocrx_word' id='word_1_218' title='bbox 584 3906 616 3961; x_wconf 88' lang='lat' dir='ltr'><strong>et</strong></span> <span class='ocrx_word' id='word_1_219' title='bbox 645 3895 781 3986; x_wconf 77' lang='lat' dir='ltr'><strong>optimos</strong></span> <span class='ocrx_word' id='word_1_220' title='bbox 806 3917 950 3984; x_wconf 87' lang='lat' dir='ltr'><strong>quosque</strong></span> <span class='ocrx_word' id='word_1_221' title='bbox 979 3900 1153 3982; x_wconf 88' lang='lat' dir='ltr'><strong>scriptores</strong></span> 
     </span>
     <span class='ocr_line' id='line_1_31' title="bbox 123 4008 1152 4094; baseline 0.004 -22"><span class='ocrx_word' id='word_1_222' title='bbox 123 4018 367 4094; x_wconf 85' lang='lat' dir='ltr'><strong>provocantem,</strong></span> <span class='ocrx_word' id='word_1_223' title='bbox 400 4031 475 4074; x_wconf 93' lang='lat' dir='ltr'><strong>cum</strong></span> <span class='ocrx_word' id='word_1_224' title='bbox 511 4008 676 4094; x_wconf 78' lang='lat' dir='ltr'><strong>voluptate</strong></span> <span class='ocrx_word' id='word_1_225' title='bbox 708 4008 879 4089; x_wconf 82' lang='lat' dir='ltr'><strong>audiebat3</strong></span> <span class='ocrx_word' id='word_1_226' title='bbox 921 4028 1031 4075; x_wconf 85' lang='lat' dir='ltr'><strong>rerum</strong></span> <span class='ocrx_word' id='word_1_227' title='bbox 1070 4010 1152 4076; x_wconf 94' lang='lat' dir='ltr'><strong>illud</strong></span> 
     </span>
     <span class='ocr_line' id='line_1_32' title="bbox 124 4121 1151 4210; baseline 0.003 -23"><span class='ocrx_word' id='word_1_228' title='bbox 124 4144 292 4188; x_wconf 90' lang='lat' dir='ltr'><strong>causarum</strong></span> <span class='ocrx_word' id='word_1_229' title='bbox 311 4121 507 4210; x_wconf 87' lang='lat' dir='ltr'><strong>agendarum</strong></span> <span class='ocrx_word' id='word_1_230' title='bbox 528 4124 710 4210; x_wconf 89' lang='lat' dir='ltr'><strong>negotium,</strong></span> <span class='ocrx_word' id='word_1_231' title='bbox 735 4122 830 4210; x_wconf 87' lang='lat' dir='ltr'><strong>quud·</strong></span> <span class='ocrx_word' id='word_1_232' title='bbox 840 4125 919 4210; x_wconf 88' lang='lat' dir='ltr'><strong>ipsi,</strong></span> <span class='ocrx_word' id='word_1_233' title='bbox 943 4123 1151 4209; x_wconf 83' lang='lat' dir='ltr'><strong>prohdolor!</strong></span> 
     </span>
     <span class='ocr_line' id='line_1_33' title="bbox 125 4236 1153 4323; baseline 0 -21"><span class='ocrx_word' id='word_1_234' title='bbox 125 4237 335 4323; x_wconf 87' lang='lat' dir='ltr'><strong>praecipuum</strong></span> <span class='ocrx_word' id='word_1_235' title='bbox 360 4237 462 4314; x_wconf 85' lang='lat' dir='ltr'><strong>toret,</strong></span> <span class='ocrx_word' id='word_1_236' title='bbox 496 4257 562 4322; x_wconf 89' lang='lat' dir='ltr'><strong>quc</strong></span> <span class='ocrx_word' id='word_1_237' title='bbox 589 4237 717 4302; x_wconf 72' lang='lat' dir='ltr'><strong>undem</strong></span> <span class='ocrx_word' id='word_1_238' title='bbox 732 4238 827 4303; x_wconf 89' lang='lat' dir='ltr'><strong>modo</strong></span> <span class='ocrx_word' id='word_1_239' title='bbox 843 4236 1001 4318; x_wconf 87' lang='lat' dir='ltr'><strong>disceret,</strong></span> <span class='ocrx_word' id='word_1_240' title='bbox 1023 4239 1153 4306; x_wconf 86' lang='lat' dir='ltr'><strong>minime</strong></span> 
     </span>
    </p>
   </div>
   <div class='ocr_carea' id='block_1_11' title="bbox 0 0 1442 5075">
    <p class='ocr_par' dir='ltr' id='par_1_11' title="bbox 0 0 1442 5075">
     <span class='ocr_line' id='line_1_34' title="bbox 0 0 1442 5075; baseline 0 1"><span class='ocrx_word' id='word_1_241' title='bbox 0 0 1442 5075; x_wconf 95' lang='lat' dir='ltr'><strong> </strong></span> 
     </span>
    </p>
   </div>
  </div>
 </body>
</html>
