2875 5075
616 519 654 579 ll

122 688 337 774 Interpretem
347 687 648 755 Roterodamensem
661 737 671 768 ,
683 667 743 776 qui
757 710 852 753 senex
867 691 1075 777 octogenario
1084 712 1151 755 ma·

120 801 190 885 jor,
214 801 324 867 andita
343 804 432 868 brevi
454 814 527 867 aute
545 804 668 868 obitum
687 804 862 890 insigniore
880 803 1151 890 illinspraefatio-

120 916 171 979 nis
193 928 304 1002 parte,
336 939 402 983 non
429 928 554 983 mutum
582 940 738 983 summam
759 941 794 983 se
821 941 859 984 ex
890 940 929 983 ea
953 920 1151 1009 voluptatem

120 1031 245 1114 cepisse
265 1043 297 1095 et
319 1031 504 1116 scriptoris,
535 1042 640 1096 aetate
666 1032 831 1112 florentis,
870 1034 1004 1099 consilio
1034 1056 1151 1124 operae

118 1165 217 1227 porro
229 1144 354 1209 Platoni
369 1144 532 1211 navandae
551 1168 584 1209 sc
602 1146 779 1233 plurimum
798 1146 953 1211 delectari
963 1146 1150 1228 declaravit,

118 1256 175 1319 sed
194 1258 297 1323 filium
310 1260 406 1324 etiam
426 1282 484 1325 suo
502 1261 631 1325 nomine
648 1236 824 1328 Heusdium
840 1283 955 1348 rogare
971 1260 1087 1344 jussit,
1112 1275 1150 1327 ut

117 1369 293 1457 diligenter
314 1373 347 1437 in
373 1374 513 1440 Platonis
530 1395 661 1461 qnoque
672 1376 853 1462 inquireret
865 1374 905 1439 de
922 1348 1018 1443 rebus
1035 1374 1149 1441 divinis

118 1485 304 1569 opiniones',
327 1487 384 1553 has
401 1509 476 1553 cum
495 1490 634 1577 aliorum
650 1489 917 1575 philosophorum
932 1489 1060 1575 placitis
1070 1509 1150 1555 con·
1224 1484 1227 1488 ’

118 1599 220 1664 ferret
238 1611 270 1665 et
289 1622 399 1668 earum
418 1603 616 1688 potissimum
631 1603 753 1668 fontem
769 1602 959 1691 indagaret,
984 1604 1150 1692 qnaePla·

118 1714 201 1778 tonis
209 1716 345 1781 maxime
353 1716 503 1801 propriae
522 1729 743 1783 censerentur.
756 1714 829 1804 ¹)—
852 1718 948 1783 Bnnis
963 1719 1064 1806 igitur
1080 1740 1149 1785 om·

116 1828 212 1893 nibus
234 1828 394 1895 Heusdius
411 1829 463 1896 die
481 1832 536 1898 26.
557 1853 600 1898 m.
617 1832 761 1898 ianuarii
780 1853 809 1899 a.
832 1834 918 1897 1804
954 1854 1070 1897 munus
1086 1856 1150 1897 au-

115 1930 256 2027 spicatus
276 1956 324 2008 est
345 1945 489 2010 oratione
509 1944 550 2009 de
570 1945 729 2033 Antiqua
754 1946 970 2034 Eloquentia
986 1924 1064 2011 oum
1083 1945 1151 2011 Re-

116 2060 267 2122 eaotiorc
285 2072 506 2144 comparata,
525 2058 612 2127 haud
631 2060 826 2146 negligenda
845 2061 906 2139 iis,
932 2061 989 2147 qui
1006 2041 1150 2126 lleuodi-

115 2193 170 2234 um
190 2173 317 2255 penitus
340 2194 534 2259 cognoscere
564 2174 672 2239 velint.
716 2175 935 2249 llorseholas
953 2176 1082 2261 aperuit
1109 2175 1149 2239 li-

117 2286 259 2353 terarias.
305 2285 419 2374 Neque
447 2287 498 2354 bis
528 2309 634 2375 neque
663 2288 721 2353 illa
749 2300 867 2354 motam
904 2311 970 2353 nou
997 2289 1149 2354 sustinuit

114 2400 396 2484 exspectationem.
443 2400 480 2466 ld
501 2403 596 2487 primi
623 2414 780 2468 testantur
806 2403 978 2489 discipuli,
1009 2402 1149 2487 jucundi

113 2534 189 2578 sane
218 2514 330 2594 nobis,
356 2516 459 2581 multo
480 2516 655 2582 acrioribus
673 2518 832 2596 alumnis,
852 2516 894 2580 de
923 2517 980 2580 illa
1005 2517 1149 2603 magistri
1206 2537 1210 2543 ’

115 2627 287 2714 disciplina
303 2641 493 2698 narratores.
517 2628 642 2694 Scholis
658 2629 745 2713 ejus,
755 2641 793 2694 nt
806 2629 1047 2696 Gaudoeverius
1061 2630 1148 2694 affir-

111 2752 199 2821 mat,
216 2743 376 2828 temporis
405 2743 493 2808 illius
514 2744 658 2829 aequalis
677 2744 984 2829 praestantissimus,
1000 2766 1145 2830 ,magnus

114 2859 268 2923 continno
282 2859 437 2922 intererat
453 2857 635 2924 auditorum
652 2881 816 2925 numerus.
840 2858 946 2925 Aetati
962 2857 1147 2944 decrepitae

112 2973 243 3038 assuetis
259 2972 408 3058 placebat
422 2971 572 3056 juvenilis
593 2988 696 3052 sams,
730 2972 771 3038 ad
792 2971 910 3038 sedabo
928 2975 1136 3059 provectioris

111 3087 360 3152 familiaritatem
387 3088 482 3173 (Ῑίιαω
513 3086 554 3152 ad
581 3087 772 3172 gravitatem
798 3087 944 3173 magistri
953 3087 1142 3172 proclivior.

111 3200 315 3267 laudabatur
334 3200 511 3280 modestia,
535 3200 723 3280 affabilitas,
735 3199 956 3279 imtitutionis,
973 3221 1049 3264 eum
1058 3222 1137 3284 per·

112 3316 282 3400 spicuitate
299 3315 484 3399 conjuncta,
503 3316 635 3380 novitas.
668 3315 929 3391 Provectiorum,
954 3313 1054 3399 inque
1073 3313 1145 3377 aliis

110 3425 291 3514 disciplinis·
313 3431 460 3516 egregios
487 3429 689 3494 audientium
725 3428 913 3514 magistros,
953 3426 1034 3492 baec
1072 3438 1144 3492 erat

111 3546 267 3620 sententia
286 3544 472 3630 «ingenium
495 3543 656 3630 quoddam
667 3543 894 3630 philosophum
905 3544 939 3610 in
951 3564 1033 3608 novo
1045 3564 1144 3628 prac-

111 3669 242 3744 ceptore
258 3659 359 3722 inesse
370 3709 378 3737 ,
389 3679 455 3744 quo
475 3658 548 3742 plus
565 3658 635 3722 aliis
651 3656 775 3722 rideret
786 3657 911 3741 ,cujus
927 3656 1044 3723 ardore
1059 3659 1143 3722 alios

109 3771 316 3851 incenderet,
342 3771 433 3857 cujus
452 3773 602 3838 acumine
620 3771 784 3838 auditores
804 3783 1014 3851 concuteret,
1045 3771 1141 3868 cuijus

110 3885 270 3973 elegantia
291 3909 399 3951 omnes
418 3886 583 3965 alliceret,
605 3886 818 3972 omnibusque
834 3887 1010 3972 placeret.»
1030 3883 1058 3971 ²)

143 4169 170 4235 1)
189 4173 334 4222 Delectata
349 4175 561 4240 Eversgola'aroad
574 4189 624 4224 veo
639 4175 668 4224 P.
693 4177 798 4226 Booaat.
812 4175 866 4223 Utr.
884 4171 951 4224 1804
967 4187 992 4236 p.
1011 4169 1053 4220 ⁷0.

143 4255 170 4321 2)
188 4259 320 4308 Goudeev.
339 4260 356 4310 l.
372 4261 388 4311 l.
405 4277 428 4324 p.
445 4259 486 4310 1⁷.
