2875 5075
757 510 800 571 72

259 686 340 751 nihil
369 682 525 769 ejusmodi
552 692 643 761 erat,
667 692 703 745 ut
724 680 920 746 descendere
938 680 995 745 ille
1013 692 1177 767 tamquam
1194 704 1214 745 e
1233 704 1293 746 suo

261 798 438 865 altitudinis
461 798 589 884 fastigio
606 796 646 861 ad
672 818 730 861 nos
746 795 927 861 rideretur:
957 794 1039 873 hoc,
1068 796 1138 881 ipso
1157 795 1292 880 judice,

262 914 413 999 deprimit
431 912 608 976 animosae
626 910 814 996 restinguit:
839 904 949 975 contra
969 909 1095 995 erigere
1104 908 1145 974 ad
1155 932 1224 975 rese
1236 934 1294 975 nos
1368 925 1370 930 '

264 1026 439 1115 gestiebat,
482 1024 587 1103 unde,
608 1024 695 1111 qnod
723 1024 783 1110 ipsi
807 1022 968 1089 interdum
998 1022 1159 1089 acciderat
1183 1045 1294 1091 coram

262 1140 536 1229 Wyttenbacbio,
561 1140 652 1204 nobis
671 1140 749 1203 item
768 1138 939 1225 aliquoties
958 1140 1083 1217 evenit,
1118 1149 1155 1202 ut
1170 1139 1222 1201 rix
1237 1161 1295 1204 co-

264 1257 457 1343 gitaremus,
478 1264 599 1341 quanto
629 1272 703 1317 cum
723 1253 793 1317 riro
819 1273 883 1317 uua
912 1272 1061 1317 essemus.
1097 1252 1124 1316 Δ
1145 1252 1294 1317 locorum

264 1368 527 1456 interpretatione
544 1367 599 1432 blc
623 1387 755 1453 quoque
772 1366 900 1430 initium
925 1364 1040 1444 tiebat,
1075 1364 1192 1452 quibus
1216 1367 1293 1431 vitio

265 1481 484 1549 laborantibus
504 1482 530 1547 si
548 1481 621 1567 quis
639 1479 830 1545 medicinam
847 1479 976 1545 afferret
991 1498 1294 1565 sannmropronun-

262 1598 357 1663 tiaret
385 1595 426 1661 de
451 1596 588 1661 aliorum
617 1595 753 1658 inventis
782 1594 964 1679 judicium,
988 1593 1130 1658 fleusdio
1152 1596 1293 1680 gratissi·

263 1732 353 1776 mum
379 1721 466 1789 erat,
491 1731 552 1775 nec
579 1730 650 1774 suas
680 1709 798 1772 celanti
822 1707 1026 1792 conjecturas
1052 1719 1085 1772 et
1119 1708 1294 1773 admodum

265 1824 418 1912 gaudenti
444 1824 494 1888 vel
523 1824 643 1887 leviore
677 1844 695 1886 e
722 1833 867 1889 veterum
894 1823 1134 1909 praecipueque
1151 1823 1294 1888 Platonis

264 1941 313 2004 sui
335 1939 462 2026 scriptis
481 1939 604 2004 sublata
626 1938 762 2003 macula.
785 1938 868 2003 llinc
889 1950 1019 2017 antem,
1044 1939 1113 2024 ipso
1133 1958 1296 2024 praeeun-

265 2065 298 2117 te
314 2054 583 2141 quaestionesque
594 2061 716 2116 nostras
734 2062 767 2115 et
783 2051 1071 2117 animadversiones
1087 2062 1292 2137 provocante,

152 2225 155 2229 .
265 2186 425 2232 sermones
450 2167 485 2230 in
511 2167 613 2232 varias
641 2165 906 2231 diffundebantur
925 2166 1111 2232 Socraticae
1135 2175 1167 2230 et
1186 2167 1294 2231 Plato·

265 2282 357 2346 nicae
385 2280 606 2365 philosophiae
642 2290 768 2365 partes,
812 2280 915 2345 donoc
947 2281 980 2343 in
1010 2280 1295 2365 praestantissimas

266 2396 436 2460 sententias
461 2394 585 2459 dolatus
611 2394 652 2458 de
677 2403 810 2458 naturae
829 2390 988 2458 humanae
1001 2394 1228 2474 facultatibus,
1252 2390 1293 2459 de

265 2508 403 2576 hominis
429 2508 468 2576 ad
502 2504 667 2575 veritatem
707 2508 932 2588 conversione,
974 2508 1015 2574 de
1049 2494 1295 2575 immortalitatis

264 2647 359 2690 sensu
390 2623 587 2710 studioque,
629 2624 671 2688 de
703 2610 858 2701 ὁμοιώσει
885 2622 960 2706 θεῷ
981 2613 1121 2687 needed
1142 2612 1293 2702 duranda,

265 2738 369 2802 donec
391 2739 423 2801 in
446 2759 483 2802 ea
503 2739 608 2826 omnia
623 2736 789 2815 incidens,
820 2735 938 2823 quibus
963 2736 1176 2822 praeclariora
1206 2736 1295 2799 anti-

264 2852 369 2938 quitas
389 2873 452 2914 non
477 2834 563 2930 tulit,
594 2841 632 2912 τὸ
654 2848 902 2936 repperimus
931 2850 971 2915 ad
998 2839 1037 2913 τὸ
1065 2827 1329 2932 συνενθουσιᾷν’

264 2963 422 3028 eveheret.
442 2959 469 3049 ¹)
491 2963 572 3026 Tum
593 2984 714 3029 summa
735 2961 804 3045 ejus
823 2975 891 3028 erat
910 2964 1076 3028 nobiscum
1102 2962 1296 3048 colloquen-

265 3076 299 3141 di
321 3077 366 3140 vis
387 3088 419 3141 et
438 3076 577 3170 ubertas.
623 3075 702 3140 Aliis
724 3087 836 3160 sponte
855 3076 917 3140 alia
937 3077 1159 3141 nectebantur.
1191 3075 1296 3160 Urge·

268 3192 296 3256 ri
330 3192 471 3278 cognitio
502 3192 568 3257 sui:
593 3190 633 3256 de
655 3191 779 3276 magnis
804 3191 878 3256 viris
904 3191 976 3277 agi,
1006 3191 1111 3255 invitis
1139 3199 1296 3275 opportu-

267 3305 421 3371 nitatibus
453 3291 676 3372 excollentiam
706 3325 797 3370 suam
826 3306 997 3370 assecutis:
1036 3304 1162 3390 pulcri,
1204 3303 1297 3382 veri,

266 3419 343 3484 boni
363 3441 450 3496 amor
465 3469 473 3499 ,
489 3420 630 3483 omnium
641 3439 868 3505 progressuum
879 3419 1021 3498 effector,
1035 3416 1294 3482 evultulucere:

267 3533 408 3598 conferri
448 3533 545 3596 etiam
583 3554 656 3598 cum
689 3534 850 3598 veteribus
885 3535 1096 3598 recentiores:
1138 3531 1297 3597 celebrari

268 3645 455 3732 praesertim
479 3647 529 3712 Fr.
558 3647 816 3735 Hemsterbusius
842 3647 948 3734 deque
973 3649 1079 3712 coita
1101 3647 1233 3726 disseri,
1258 3660 1297 3713 ut

268 3760 492 3826 disertissimae
514 3759 554 3826 ad
576 3761 680 3847 ipsum
698 3762 873 3849 legendum
893 3762 1176 3829 commendationis
1195 3764 1298 3827 instar

270 4001 476 4016 *an—ranun-

303 4155 329 4220 1)
350 4160 394 4207 nr.
412 4173 472 4206 over
491 4160 535 4208 ter
552 4159 683 4220 beossenen
699 4161 746 4206 der
763 4162 848 4225 ms'y'rg.
874 4177 900 4224 p.
918 4159 952 4208 32
970 4175 1022 4223 seq.
1039 4159 1074 4208 Cf.
1094 4160 1117 4207 8.
1141 4159 1247 4208 Karsten
1268 4160 1296 4208 in

267 4243 352 4294 llodic.
373 4243 535 4308 Xenophanto
551 4245 650 4307 Colopl.
666 4247 748 4294 Com.
768 4246 824 4294 not.
1124 4267 1129 4276 ·
