2875 5075
669 476 674 485 ’
748 526 790 586 ao

259 704 358 768 veteri
385 701 544 787 discipulo
569 695 768 763 suadendum
792 716 855 757 non
874 695 978 757 minus
998 712 1094 778 quam
1113 687 1193 776 quid
1215 689 1285 752 dis-

258 814 457 881 suadendum
477 823 570 890 osset,
589 810 718 897 egregie
736 809 907 894 perspexit.

302 930 433 995 Scilicet
445 949 483 992 eo
506 938 648 1011 tempore
671 924 705 987 in
716 922 890 987 Academia
908 919 1216 1002 libano-Trajectina
1236 939 1289 981 ve·

259 1055 364 1109 terum
391 1042 557 1106 literarum
576 1050 608 1102 et
630 1038 782 1101 historiae
800 1035 907 1099 studia
921 1034 1130 1121 languebant.
1176 1032 1288 1096 Sarius

259 1170 291 1222 et
312 1157 501 1243 Segearius,
525 1163 617 1217 antea
645 1150 823 1218 laudabiles
852 1170 962 1213 earum
986 1147 1154 1225 doctores,
1189 1168 1288 1210 nona·

168 1309 171 1315 ·
259 1273 379 1358 gesimo
397 1279 429 1333 et
443 1267 637 1353 octogesimo
657 1265 768 1329 aetatis
792 1286 876 1328 anno
894 1263 1060 1348 discipulis
1081 1262 1218 1346 amplius
1238 1284 1288 1324 sa·

259 1364 416 1449 tislacerel
434 1402 497 1445 non
524 1390 691 1465 poterant..
730 1379 859 1459 llornm¹
873 1376 1048 1441 commodis
1069 1374 1196 1440 tandem
1211 1396 1287 1462 con-

259 1496 431 1563 sulendum
450 1492 629 1559 ridebatur.
669 1490 769 1576 Cujus
792 1493 839 1556 rei
855 1493 985 1556 Crassus
1012 1490 1053 1555 ab
1079 1490 1184 1553 amico
1210 1490 1290 1552 Tra·

137 1595 145 1620 ⁴
254 1613 377 1696 jectino
397 1609 514 1675 certior
533 1608 637 1672 lactus
661 1617 858 1693 rogatusque
878 1626 1015 1691 ecquem
1038 1603 1225 1687 Trajectinis
1254 1604 1290 1665 in

260 1746 349 1791 suam
370 1722 575 1789 Academiam
590 1719 769 1787 vocandum
789 1740 858 1783 esse
874 1730 1039 1797 censeret,
1064 1718 1170 1781 statim
1186 1719 1289 1781 Heus·

260 1839 350 1905 dium
367 1849 399 1901 et
417 1836 591 1901 nominavit
611 1844 642 1899 et
667 1844 733 1897 tam
754 1854 814 1919 per
837 1834 976 1897 amicum
1007 1853 1106 1919 quam
1127 1833 1192 1895 suis
1221 1833 1290 1917 ipse

261 1953 360 2019 literis
388 1950 539 2033 majorem
555 1951 590 2013 in
609 1948 741 2014 modum
758 1947 1002 2013 commendavit.
1048 1946 1159 2025 Idem,
1183 1968 1218 2010 re
1233 1968 1288 2011 ac·

260 2079 374 2154 cepta,
393 2064 547 2131 Boschius
565 2062 662 2141 iecit,
687 2083 884 2149 quamquam
904 2060 991 2127 haud
1010 2060 1142 2147 ignarus
1163 2060 1198 2123 in
1216 2062 1289 2124 Lei-

260 2182 364 2248 densis
391 2178 582 2245 Academiae
607 2176 834 2254 curatoribus,
859 2175 993 2262 collegis
1012 2177 1099 2255 suis,
1118 2196 1204 2253 esse,
1228 2175 1287 2261 qui

260 2294 439 2361 Heusdium
454 2292 568 2359 Leidae
587 2292 621 2355 in
638 2292 774 2357 stafione
789 2290 929 2377 quadam
946 2290 1140 2355 collocatum
1154 2290 1286 2369 vedent,

260 2422 293 2475 at
311 2410 424 2495 viginti
443 2408 588 2493 quinque
610 2426 766 2471 annorum
775 2405 888 2488 juveni
906 2404 1131 2489 optabiliorem
1141 2402 1290 2486 judicans

260 2524 472 2608 Trajectiaans
499 2519 683 2588 cathedram
700 2540 811 2605 ·quam
841 2516 1083 2606 Wyttenbaehii
1110 2528 1145 2582 et
1163 2518 1290 2584 Luaaoii

263 2638 494 2724 praesentiam,
526 2637 583 2722 qui
606 2655 663 2700 suo
687 2621 772 2699 ‘eum
796 2633 961 2698 doetrirrae
985 2633 1109 2697 lumine
1129 2633 1291 2698 obscura-

262 2762 343 2817 rent.
389 2752 460 2816 llnx
484 2749 654 2834 utriusque
687 2747 953 2812 commendationi
995 2747 1120 2832 pondus
1157 2749 1292 2812 accessit

262 2879 295 2931 et
310 2863 552 2951 Wyttenbacbii
569 2861 761 2926 auctoritate
775 2872 807 2924 et
830 2882 904 2926 vero
926 2869 1152 2947 progressuum
1182 2863 1291 2947 speei-

262 2982 348 3045 mine
365 2979 407 3042 ab
423 2975 564 3042 lleusdio
584 2977 654 3062 ipso
682 2977 756 3042 anni
779 2977 865 3041 180³
894 2987 1013 3042 aestate
1032 2976 1136 3055 edito,
1170 2988 1206 3042 ut
1222 2975 1292 3042 (ln-

263 3106 424 3172 ratorum,
457 3112 555 3178 quam
582 3091 892 3176 supramemoravi,
916 3089 1153 3168 munificentiae
1173 3113 1208 3156 se
1225 3114 1292 3156 me·

263 3230 383 3274 morem
402 3206 562 3293 probaret.
666 3263 668 3266 .

308 3325 387 3388 Nam
414 3323 447 3385 in
484 3319 720 3390 Ruhnkeniena
755 3320 886 3407 quidem
925 3322 1129 3386 annotatione
1173 3343 1293 3408 conge·

264 3435 363 3502 reuda
379 3434 538 3500 Heusdius
554 3455 617 3497 nnn
636 3431 865 3513 desudaverat,
889 3433 1141 3521 Wyttenbachio
1158 3436 1293 3499 fortasse

264 3552 453 3628 obsecutus,
476 3569 573 3634 quem
593 3547 642 3625 ei,
666 3547 912 3613 hunc-laborem
930 3570 1103 3636 aggresso,
1127 3550 1162 3612 in
1182 3571 1293 3613 aurem

264 3665 381 3730 dixisse
398 3663 490 3741 nori,
517 3683 600 3726 «non
619 3682 693 3726 cum
705 3662 914 3748 pulvisculo,
931 3683 1042 3727 rerum
1062 3673 1192 3726 tuarum
1207 3675 1291 3727 sata·

266 3779 345 3864 gir.»
371 3775 436 3842 Sed
452 3775 503 3840 rel
528 3775 573 3840 sic
596 3787 698 3840 tamen
717 3775 927 3842 honorificam
950 3776 1040 3840 illam
1062 3787 1095 3840 et
1122 3775 1172 3842 his
1189 3788 1221 3840 et
1237 3797 1292 3840 ee·

249 3877 341 3958 'teris
373 3888 587 3958 bibliothecae
615 3890 713 3974 copiis
741 3889 854 3954 utendi
885 3891 1006 3956 reniam
1033 3891 1094 3956 sibi
1120 3890 1293 3976 perutilem

267 4007 391 4085 luisse,
415 4003 563 4068 beneficii
589 4013 736 4067 auctores
763 4003 863 4067 latere
889 4004 1028 4070 nolebat.
1075 4004 1292 4085 Quamobrem

267 4120 460 4205 exploratis,
485 4139 567 4204 quae
584 4117 743 4180 lectitanti
758 4117 794 4179 in
804 4127 942 4181 mentem
962 4116 1292 4198 venerant,emenda-

267 4234 406 4298 tionibus
423 4244 455 4296 et
471 4231 682 4315 conjecturis,
692 4229 999 4296 animadversionum
1007 4211 1139 4300 suarum
1154 4244 1292 4318 partem,
