2875 5075
756 514 799 579 24

260 690 440 775 exemplum
466 686 719 773 componendae,
741 683 895 751 ¹studium
915 681 1078 752 Ciceronis
1101 697 1132 749 et
1151 684 1294 770 philoso-

258 803 370 890 phiae,
385 822 451 889 qno
467 801 522 867 hio
542 801 637 869 Jctus
655 800 821 887 discipulis
839 800 964 887 praeire
985 819 1103 886 eosque
1121 798 1296 865 incendere

259 917 383 983 arebat.
414 914 545 995 Crasso,
569 916 628 981 etsi
647 926 851 1000 perspectum
869 913 1022 993 habenti,
1047 934 1112 999 quo
1134 912 1296 979 lleusdius

261 1030 429 1111 tenderet,
461 1029 541 1117 quid
566 1031 702 1095 maxime
722 1029 822 1116 ipsius
841 1050 878 1093 ex
897 1029 1096 1093 institutione
1116 1028 1293 1105 delibaret,

260 1144 347 1210 idem
373 1154 478 1209 tamen
505 1165 589 1209 nnus
618 1144 653 1215 in
678 1144 791 1228 paucis
816 1142 954 1211 dilectus
983 1154 1061 1209 erat.
1096 1142 1296 1211 invitabatur
1363 1224 1365 1228 Ι

259 1258 339 1325 odeo
370 1258 411 1324 ad
435 1258 567 1343 epulas,
592 1258 711 1344 quihus
730 1257 787 1323 ille
806 1256 980 1324 identidem
1000 1258 1193 1323 cultissimus
1216 1258 1295 1323 ami·

261 1395 315 1438 cos
341 1372 543 1459 excipiebat,
577 1392 747 1458 quaeque,
776 1370 810 1433 in
837 1370 926 1435 vario
950 1371 1048 1455 palati
1070 1370 1228 1437 excitandi
1245 1371 1296 1436 in·

262 1497 462 1565 strumento,
510 1486 688 1572 exquisitae
726 1484 856 1549 demum
895 1486 1094 1551 sermonibus
1136 1496 1228 1550 erant
1261 1486 1297 1549 in

263 1620 389 1665 omnem
417 1599 650 1685 elegantiarum
667 1598 897 1683 doctrinaeque
916 1608 1038 1684 partem
1057 1598 1178 1663 diffusis
1196 1611 1229 1663 et
1248 1600 1295 1663 ia·

262 1714 422 1777 notissimo
440 1713 507 1777 sele
521 1715 649 1799 sparsis.
673 1714 716 1779 Ee
738 1712 977 1798 opportunitate
990 1710 1117 1795 juvenis
1134 1714 1168 1777 in
1177 1711 1295 1777 multos

261 1825 377 1893 incidit
405 1825 734 1905 Amstelodamenses,
766 1848 845 1913 qnos
871 1847 1065 1913 cognoscere
1087 1846 1205 1910 operae
1221 1847 1296 1912 pre·

265 1941 346 2005 tium
364 1940 551 2019 videbatur,
586 1952 617 2004 et
636 1941 818 2027 perspexit,
850 1962 915 2027 quo
937 1938 1023 2027 apud
1042 1940 1099 2007 lros
1121 1939 1192 2005 loce
1210 1951 1295 2005 esset

264 2055 471 2119 convivarum
495 2055 555 2121 sibi
580 2056 854 2141 exoptatissimus,
878 2055 1089 2140 Hieronymus
1108 2053 1148 2118 de
1169 2053 1293 2132 Bosch,
1384 2040 1386 2045 ’

264 2168 518 2254 elegantissimae
537 2169 593 2233 ille
608 2168 773 2237 doctrinae
792 2168 973 2254 summique
993 2167 1139 2233 candoris
1157 2168 1221 2247 rir,
1241 2167 1295 2251 jn·

266 2303 384 2346 senum
413 2282 453 2347 ad
483 2284 684 2369 antiquitatis
703 2282 828 2361 studia,
853 2282 892 2347 ad
912 2304 1018 2349 veram
1035 2280 1162 2347 laudem
1179 2294 1211 2347 et
1229 2282 1315 2345 sir-·

264 2406 366 2473 tutem
391 2396 500 2461 efficax
526 2397 699 2482 impulsor,
732 2396 864 2461 Heusdii
890 2408 997 2461 eutem
1023 2396 1165 2480 aprima
1182 2397 1293 2461 notitia

263 2532 321 2596 per
344 2510 528 2579 Nodellium
554 2512 724 2579 conciliata
746 2513 853 2578 fautor
871 2511 1023 2590 eximius,
1048 2511 1105 2597 qui
1120 2531 1195 2574 eum
1210 2510 1295 2575 omni

224 2650 228 2654 “
262 2625 445 2701 ,officiorum
462 2648 603 2711 genere,
633 2627 876 2694 instructissime
901 2605 1191 2692 itembiblietheea
1204 2623 1295 2706 jure·

265 2741 340 2818 bat,
365 2739 446 2825 quin
463 2750 501 2803 nt
519 2738 621 2805 lilium
638 2739 803 2825 diligebat.
818 2737 842 2824 ¹)

264 2921 268 2930 ,
309 2854 355 2918 Ex
374 2852 431 2933 iis,
457 2875 540 2940 quae
561 2851 668 2918 adhuc
688 2851 729 2918 de
746 2846 993 2919 commoratione
1013 2851 1295 2918 dmstelodemensi

193 3040 195 3043 ¹
263 2966 1296 3053 memoravimus,suspicarilioet,ldeusdioeamnonmedoper·

264 3083 399 3159 utitem,
417 3102 530 3146 rernm
544 3083 641 3147 unice
651 3081 831 3164 jucundam
844 3082 954 3152 fuisse.
977 3081 1040 3146 Sed
1061 3081 1095 3146 fir
1113 3079 1295 3160 interdum,

266 3207 320 3274 nt,
344 3197 397 3260 cni
417 3197 523 3262 omnia
539 3208 709 3282 suppetere
727 3207 898 3262 censentur
916 3195 956 3260 ad
975 3197 1070 3260 vitam
1089 3217 1127 3260 ex
1147 3205 1220 3258 vnto
1239 3193 1296 3258 de-

266 3309 421 3396 gendam,
455 3311 541 3376 intus
572 3310 675 3388 adsit,
703 3309 798 3395 ,quod
823 3309 1061 3392 jucunditatem
1087 3308 1176 3376 illam
1204 3308 1293 3374 valde

264 3425 399 3489 minuet.
433 3426 505 3488 linc
532 3445 551 3487 a
577 3424 739 3509 generosis
764 3424 872 3496 liheris
902 3444 978 3489 suae
999 3425 1141 3508 ipsorum
1157 3423 1296 3487 refertur

144 3569 154 3582 ·
265 3546 297 3599 et
323 3547 491 3620 parentum
516 3536 688 3600 voluntatis
712 3537 745 3598 in
775 3558 810 3602 re
837 3538 1018 3622 gratissima
1049 3535 1294 3614 dissimilitudo,

299 3901 325 3971 1)
344 3906 402 3969 lpto
428 3905 539 3954 llensdie
568 3909 633 3954 uste
659 3905 687 3954 in
716 3891 814 3969 optat?
831 3904 866 3952 od
892 3902 1150 3967 Grounsp12„—
1173 3906 1294 3968 Bocchii,

262 3991 364 4056 scriptis
379 3991 461 4054 cleri,
485 4006 581 4040 nomeu
605 3992 637 4040 ad
653 4005 741 4040 omnes
758 3989 846 4038 latine
865 3988 955 4050 doctos
970 3990 1117 4054 propagarit
1144 3991 1296 4038 venustissi-

262 4092 303 4124 ma
328 4077 520 4140 Wyttenbechii
544 4077 660 4142 epistola.
700 4077 789 4139 licque
825 4079 910 4124 temen
938 4076 1084 4124 memoriam
1109 4076 1210 4124 Beschii
1244 4091 1295 4124 nen

262 4176 359 4210 summo
378 4163 438 4225 jure
465 4163 492 4211 in
517 4163 641 4210 destituti
660 4162 725 4227 Ileg.
751 4161 839 4210 Nesrl.
860 4161 949 4209 Classe
963 4162 1042 4210 tertio
1059 4159 1200 4210 celebrarit
1227 4161 1294 4209 clar.

264 4247 292 4294 ll.
313 4247 335 4295 J.
355 4262 402 4296 vau
419 4247 530 4311 laeuuep.
1038 4233 1048 4236 “
