2875 5075
765 528 826 590 152

274 710 498 786 argumentum
523 720 588 786 qno
606 700 706 785 magis
730 700 966 777 Heusdianum,
991 720 1030 762 eo
1048 698 1179 763 uberius
1203 717 1312 784 eoque

275 814 313 879 ad
345 814 651 879 commemorationis
687 813 887 900 diligentiam
924 813 1085 878 difficilius
1118 814 1309 878 absolvitur.

276 928 354 993 liam
387 940 498 992 natura
528 927 777 993 ducerincula
812 928 899 993 haud
935 928 1115 1010 abjicienda
1148 927 1205 991 sed
1240 948 1312 990 am-

275 1042 445 1129 plectenda
486 1060 571 1121 esse,
608 1064 713 1106 veram
752 1045 881 1108 omnino
926 1043 1061 1106 hominis
1100 1044 1164 1107 rim
1205 1044 1310 1105 exseri

176 1222 178 1231 ,
275 1158 432 1221 constanti
470 1156 537 1239 ejus
575 1158 608 1219 in
650 1178 758 1221 amore
793 1177 850 1242 per
887 1168 984 1221 totam
1022 1159 1117 1246 vitam
1157 1178 1310 1242 progres-

274 1272 381 1349 sione,
416 1270 457 1335 ab
492 1271 586 1336 insito
621 1270 651 1333 ci
685 1272 803 1335 amoris
833 1292 927 1334 sensu
958 1273 1193 1335 venerationem
1232 1270 1307 1349 liei,

275 1405 352 1471 erga
378 1387 514 1469 patriam
544 1385 726 1464 caritatem,
749 1385 1004 1449 benevolentiam
1034 1406 1110 1470 erga
1141 1384 1306 1462 homines,

274 1499 340 1561 reri
358 1498 499 1584 bonique
514 1496 717 1583 cupidinem,
738 1520 848 1563 sensus
868 1500 1086 1585 generosiores
1102 1518 1213 1563 omncs
1233 1498 1308 1583 pul-

275 1612 378 1677 lulare
398 1611 593 1677 ostenditur:
617 1615 733 1689 amoris
765 1614 935 1698 exponitur
957 1635 1031 1676 cum
1054 1631 1129 1676 vera
1156 1610 1307 1676 libertate

275 1746 415 1813 cumque
443 1725 644 1811 philosophia
678 1728 881 1810 conJ‘uuctio:
912 1728 1019 1809 justae
1042 1725 1230 1791 declaratur
1258 1727 1307 1789 in·

274 1840 445 1903 stitutionis
475 1838 685 1931 hcademicae
721 1841 760 1906 ad
795 1840 973 1906 istiusmodi
1010 1854 1124 1905 sensus·
1153 1840 1307 1905 lovendos

275 1964 487 2018 momentum:
505 1955 539 2018 in
551 1956 692 2041 germani
712 1955 893 2042 philosophi
906 1957 1018 2041 optimi
1034 1967 1199 2041 spectatur
1213 1955 1305 2021 Chri·

274 2068 367 2133 stiani
393 2069 515 2154 imago:
547 2090 651 2155 eaque
680 2070 850 2135 traduntur
880 2070 921 2134 de
946 2070 1168 2156 philosophiae
1194 2082 1227 2133 et
1256 2092 1305 2133 re·

275 2183 402 2268 ligionis
429 2182 706 2264 reconciliatione,
738 2207 820 2272 quae
849 2195 972 2270 tempus
1000 2197 1035 2249 ut
1070 2184 1306 2249 confirmaverit

274 2295 428 2374 maxime,
453 2298 497 2361 ita
519 2300 653 2361 maxime
672 2299 901 2363 celebrandum
921 2300 992 2366 erit.

318 2411 402 2475 llaec
429 2410 586 2477 licusdius
606 2412 752 2491 disserit,
776 2415 885 2498 itaque
912 2437 929 2477 a
957 2413 1064 2498 capite
1092 2435 1160 2477 rem
1186 2414 1304 2499 repetit

273 2525 306 2588 in
334 2523 461 2612 dialogo
488 2525 563 2606 illo,
588 2528 645 2614 qui
674 2527 816 2613 epistolis
840 2528 1002 2595 inseritur.
1048 2528 1193 2610 Quarum
1223 2529 1323 2594 scri:

175 2685 178 2692 .
271 2638 368 2703 bandi
389 2640 563 2706 formarum
588 2662 689 2727 quum
717 2645 873 2707 alterutra
897 2625 991 2708 raote'
1012 2645 1061 2706 uti
1087 2630 1220 2708 difficile
1247 2645 1303 2720 sit,

188 2787 191 2794 ·
273 2753 407 2816 alteram
443 2753 534 2818 alteri
569 2756 736 2820 includere
766 2757 845 2843 quid
880 2753 1008 2823 dicam?
1064 2758 1166 2841 Hujus
1197 2769 1304 2822 autem

273 2866 507 2948 corrjunctionis
535 2868 739 2934 difficultates
770 2870 826 2932 ille
853 2871 948 2934 facile
967 2893 1133 2958 superasse
1155 2871 1301 2950 ridetur,

272 2989 319 3057 et,
353 2980 377 3041 ai
406 2980 592 3044 mittendam
626 3003 754 3046 censeas
790 2985 849 3047 riri
884 2988 1030 3070 peracuti
1060 2987 1302 3072 quaestionem,

273 3094 386 3156 satisne
422 3097 589 3158 corrveniat
618 3100 718 3160 l'orma
759 3097 878 3184 dialogi
908 3078 1118 3185 epistolarum
1149 3113 1300 3179 naturae,

271 3207 320 3270 rix
348 3219 412 3287 est,
446 3208 532 3294 quod
559 3211 624 3274 sive
654 3211 824 3276 iubarum
851 3214 971 3276 sivein
996 3214 1085 3278 illius
1114 3215 1218 3279 forma
1241 3237 1303 3279 non

271 3321 407 3384 multum
439 3323 565 3405 probes.
608 3324 696 3388 Adeo
733 3325 812 3389 nihil
844 3327 1053 3411 impeditum,
1082 3329 1253 3410 jejunum,
1286 3351 1304 3392 a

270 3434 337 3495 reri
356 3435 563 3499 similitudine
576 3437 733 3517 alienum,
753 3439 807 3503 sed
820 3442 922 3504 natira
941 3442 1111 3521 facilitate,
1130 3443 1303 3521 varietate,

272 3546 508 3630 pulcritudine,
533 3551 758 3634 probabilitate
778 3576 810 3616 se
833 3556 1057 3620 commendant
1086 3559 1205 3629 omnia.
1242 3559 1304 3622 lias

271 3660 379 3723 laudes
405 3662 453 3724 rel
472 3663 504 3724 in
524 3665 594 3742 iis„
611 3685 694 3751 quae
723 3668 803 3731 levia
833 3669 1019 3749 rideantur,
1049 3671 1304 3736 animadvertere

268 3773 362 3838 licet:
388 3777 419 3838 iu
445 3778 649 3860 epistolarum
669 3803 696 3848 r.
718 3804 746 3847 c.
770 3784 991 3867 magnitudine
1010 3785 1134 3850 diversa
1153 3787 1301 3872 quidem,

269 3889 419 3969 atjusta:
444 3892 477 3953 in
501 3896 660 3959 :rotatione
686 3900 854 3981 temporis,
880 3922 945 3984 qua
962 3922 1024 3962 riori
1037 3923 1146 3962 omnes
1163 3904 1303 3987 scriptae
1358 3876 1362 3882 .

269 4017 445 4067 occurrunt
468 4005 579 4070 dicbus
609 4011 733 4096 aliquot
762 4014 940 4091 coutinuis,
966 4013 1100 4098 singulis
1132 4016 1300 4101 singulae,

268 4115 322 4178 scd
348 4119 503 4201 quaedam
529 4124 711 4186 intermisso
742 4148 918 4210 paucorum
938 4128 1063 4192 dierum
1094 4131 1217 4213 spatio,
1242 4152 1301 4193 nec

267 4230 426 4294 matutinis
453 4231 535 4294 horis
567 4249 722 4315 cunctae,
755 4262 864 4304 rerum
899 4265 976 4320 uua,
1006 4265 1044 4306 ac
1063 4245 1089 4304 si
1116 4247 1298 4327 argumenti
