2875 5075
618 501 679 563 127

123 673 277 758 partibus.
313 674 433 741 Verum
462 672 523 739 hoc
548 675 768 760 perspicuum.
805 673 891 741 lllud
913 687 1021 740 autem
1051 698 1150 762 quae·

40 791 50 803 ’
123 809 193 851 rere
210 787 321 870 jurat,
344 788 533 874 ineptaene,
550 787 638 854 dicta
656 787 948 874 perpendentibus,
971 787 1150 855 eorumve·

121 923 174 967 ces
204 900 391 981 rideantur,
416 903 529 989 quiin
553 901 695 967 Heusdio
725 903 847 990 ingenii
875 904 1048 989 quamdam
1074 926 1151 971 cum

121 1017 253 1081 Platone
277 1015 517 1083 similitudinem
539 1026 636 1102 atque
661 1018 885 1103 cognationem
906 1018 997 1104 loqui
1015 1018 1149 1088 soleant.

120 1130 244 1212 Quodsi
266 1130 324 1217 qui
350 1128 412 1195 hoc
441 1128 621 1213 dijudicare
644 1130 769 1209 nolint,
792 1130 826 1195 id
849 1142 939 1197 certe
962 1154 1056 1218 spero
1081 1134 1152 1199 fore
1216 1184 1239 1200 .,

121 1257 157 1311 ut
178 1245 374 1332 largiantur,
398 1266 436 1309 ex
455 1243 543 1310 hisee
562 1244 694 1309 Heusdii
714 1244 828 1310 studiis
849 1267 951 1332 quum
973 1268 1038 1312 non
1052 1245 1151 1311 editio

120 1361 280 1439 Platonis,
318 1344 372 1424 sed
403 1358 624 1446 philosophiae
654 1360 841 1425 Platonicae
870 1362 1090 1447 interpretatio
1118 1372 1152 1426 et

119 1475 312 1561 amplissima
328 1474 460 1540 consiliu
480 1473 658 1561 prodierint
673 1473 735 1540 hec
745 1474 815 1560 ipsd
830 1475 946 1540 nostris
962 1474 1152 1555 consulendi

122 1589 339 1677 temporibus,
363 1588 444 1653 nihil
467 1587 602 1675 quidem
613 1608 695 1669 esse,
719 1588 807 1675 quod
826 1589 935 1654 mirari
954 1610 1152 1677 quemquam

121 1715 278 1791 oporteat.
310 1705 349 1769 Et
369 1701 409 1767 de
428 1702 570 1768 Heusdio
587 1724 658 1769 sero
675 1702 806 1769 demum
824 1726 864 1769 ac
880 1704 1018 1780 multum
1036 1703 1151 1770 edente

121 1817 201 1907 quid
212 1818 281 1901 jem
297 1817 407 1883 dicere
424 1817 565 1883 attinet?
596 1818 708 1891 Nonne
728 1840 782 1898 ea,
804 1818 837 1881 in
850 1839 935 1906 quae
953 1817 1152 1906 assequenda

120 1945 152 1998 et
181 1932 356 2018 plurimum
389 1942 422 1997 et
445 1934 563 2019 partim
594 1954 652 1999 suo
680 1933 750 2018 ipse
786 1944 888 1997 marte
924 1932 1150 2015 incumbebat,

121 2047 277 2132 ejusmodi
299 2057 406 2127 erant,
436 2058 473 2112 ut
494 2047 669 2112 lentissime
701 2046 833 2112 demum
862 2069 953 2125 suam
979 2047 1152 2134 quamdam

121 2162 274 2250 consequi
300 2171 429 2248 possent
453 2160 696 2228 maturitatem?
735 2162 773 2225 ln
797 2161 931 2248 Epilogo
958 2161 1152 2237 Initiorum

119 2277 358 2363 philosophiae
366 2275 569 2358 Platonicae
585 2273 741 2363 «perduxi
751 2274 908 2359 -ajebat
916 2276 1151 2364 quinquaginta

120 2404 243 2479 septem
253 2412 411 2458 annorum
422 2392 469 2455 vir
480 2426 521 2439 -
532 2389 574 2455 ad
589 2389 687 2455 linem
703 2390 888 2477 negotium,
901 2391 955 2456 cui
965 2388 1151 2476 peragendo

23 2571 27 2578 .
120 2517 219 2572 totam
245 2505 345 2570 ferme
371 2504 468 2570 vitam
493 2502 647 2591 impendi.
698 2504 765 2568 Nec
782 2514 900 2586 ,tamen
926 2504 953 2568 is
980 2524 1041 2590 ego
1060 2523 1150 2582 sum,

119 2623 179 2708 qui
207 2622 269 2700 sic,
302 2628 532 2698 meauctore,
563 2639 632 2682 rem
661 2616 758 2702 plane
787 2617 968 2682 conlectam
998 2616 1149 2683 arbitrer.

118 2734 294 2800 Habebunt
315 2732 454 2818 posteri,
475 2753 558 2820 quae
579 2731 630 2796 rel
645 2733 813 2818 ‚corrigant
831 2732 865 2795 in
881 2730 988 2812 hisee,
1008 2719 1059 2795 vel
1074 2753 1150 2819 sup·
1233 2717 1236 2720 ⁴

13 2839 15 2922 l
119 2846 431 2936 pleant,'permults.
443 2865 461 2910 >i
477 2842 503 2932 ¹)
528 2844 591 2910 Sed
602 2847 649 2910 sic
670 2845 747 2910 huic
768 2846 898 2933 negotio
915 2846 1012 2912 vitam
1026 2846 1150 2932 impen-

119 2962 231 3040 deret,
256 2973 312 3042 ut,
337 2981 438 3048 quum
458 2959 499 3026 ad
511 2959 597 3038 ‚illud
618 2971 727 3026 mente
747 2959 1027 3047 complectendum
1046 2971 1151 3026 totum

120 3100 157 3144 ex
182 3077 268 3143 omni
287 3075 367 3142 adeo
390 3074 522 3140 historia
548 3086 580 3138 et
601 3074 700 3140 nullis
725 3097 789 3138 non
807 3076 1025 3160 complurium
1046 3097 1150 3162 popu-

15 3271 16 3274 ,
119 3195 226 3259 lorum
252 3190 466 3256 monumentis
488 3188 637 3254 literariis
661 3209 772 3273 sapere
800 3186 991 3267 studuisset,
1024 3187 1149 3252 uberri-

15 3343 16 3386 ι
119 3329 204 3372 mam
215 3304 344 3372 tandem
360 3303 494 3369 haberet
513 3301 600 3366 velut
614 3301 890 3368 commentationis
901 3301 1047 3387 copiam,
1063 3299 1150 3365 unde

15 3515 18 3610 l

125 3421 205 3510 quid
226 3420 317 3487 nobis
334 3431 402 3486 tum
422 3418 512 3484 breri
533 3417 685 3504 temporis
708 3417 810 3502 spatio
827 3414 1056 3503 impertirerit,
1080 3426 1150 3480 tum

117 3560 214 3624 porro
245 3535 410 3622 impertire
438 3532 649 3612 decrevisset,
677 3530 747 3616 jam
784 3553 904 3618 operae
933 3531 1075 3618 pretium
1102 3542 1150 3597 est

118 3652 281 3741 persequi.
750 3625 755 3638 ⁹

164 3768 308 3833 Primum
319 3760 598 3832 commemoranda
606 3773 681 3828 sunt
692 3759 807 3827 Initio
814 3759 1149 3849 philosophiaephi-
1251 3808 1255 3815 .

17 3961 18 3982 ἶ
121 3885 265 3963 tonicae,
286 3881 388 3948 tribus
417 3879 568 3982 deinceps
588 3876 804 3944 voluminibus
823 3877 865 3944 ab
888 3899 917 3944 a.
939 3873 1148 3940 1827—1836

124 4105 325 4114 -—--—-—-—-—

153 4252 180 4310 ιι
199 4253 251 4319 ιιι,
270 4251 327 4302 ιιι.
