2875 5075
277 746 561 829 doctrinarumque
582 744 722 809 lautores
744 765 811 810 esse
827 756 859 812 et
877 755 1008 829 possunt
1028 756 1060 809 et
1076 744 1207 823 volunt,
1227 743 1307 811 baec

278 872 407 927 teneant
432 859 566 925 Heusdii
600 859 715 938 rerba,
740 860 804 923 uin
831 860 918 925 omni
939 869 1095 943 apparatu
1112 858 1308 925 Academico

277 976 322 1041 nil
345 996 412 1039 esse
431 972 629 1038 bibliothecd
650 972 690 1041 ad
707 971 812 1039 studia
824 970 967 1055 juvanda
987 972 1178 1041 discentium
1193 973 1309 1041 docto·
1347 1055 1350 1061 Ι

278 1110 417 1174 rumque
434 1089 574 1153 virorum
595 1086 727 1166 utilius,
745 1087 810 1151 imo
831 1088 1046 1155 necessarium
1062 1088 1171 1175 magis.
1191 1088 1308 1157 Cetera

279 1204 364 1266 enim
397 1201 616 1269 doctrinarum
644 1200 805 1280 subsidia,
844 1202 988 1286 quamvis
1022 1223 1081 1269 sno
1097 1202 1308 1270 'acitimcuda

276 1319 398 1403 pretio,
423 1328 529 1384 mmen
546 1317 682 1403 singulis
701 1316 853 1383 doctrinis
873 1316 1058 1403 singulatim
1080 1330 1234 1402 prosunt:
1257 1314 1306 1382 bi-

276 1430 440 1499 bliotheca
459 1452 553 1511 vero,
578 1433 699 1524 quippe
720 1419 890 1497 commune
909 1432 1076 1511 omuibus,
1096 1431 1183 1498 unde
1207 1432 1306 1518 proli*

277 1547 382 1625 ciunt,
408 1546 528 1613 bonum
556 1547 744 1625 continens,
768 1546 923 1611 universis
942 1546 1063 1613 artibus
1087 1545 1307 1633 doctrinisque

276 1662 396 1746 pariter
412 1660 553 1746 prodest.
564 1684 582 1723 n
594 1658 620 1748 ¹)

322 1775 506 1841 Praefectus
524 1774 745 1841 Bibliothecae
770 1796 834 1840 non
856 1796 921 1842 uua
942 1774 1038 1839 laude
1064 1775 1257 1861 conspicuae
1273 1777 1308 1841 in

276 1890 421 1975 plurium
451 1911 507 1955 ore
534 1900 601 1968 est,
635 1910 732 1976 quarn
759 1889 809 1953 rel
835 1890 948 1974 optimi
969 1889 1133 1975 Gymnasii
1160 1889 1306 1957 Curatur.

278 2004 391 2091 Neque
416 2014 522 2070 tamen
541 2003 719 2075 lleusdinm
740 2004 926 2071 curatorem
948 2003 1081 2069 deerant
1098 2005 1157 2090 qui
1175 2003 1307 2089 plurimi

278 2120 432 2187 lacerent.
468 2120 537 2186 lloc
557 2130 664 2185 autem
684 2139 800 2184 munus
809 2117 867 2184 ille
883 2118 1057 2204 quatriduo
1067 2118 1196 2187 brevius
1208 2140 1307 2204 quam

277 2233 505 2319 professurium
537 2233 646 2319 gessit.
697 2234 813 2299 Parum
847 2244 913 2311 cst,
945 2232 1035 2319 quod
1065 2234 1198 2318 accepi,
1232 2256 1306 2301 enm

279 2348 410 2433 triginta
436 2346 582 2434 quinquo
605 2368 764 2417 annorum
782 2345 885 2431 spatio
912 2367 1090 2433 numquam
1117 2368 1181 2415 non
1208 2348 1306 2417 intes·

279 2462 375 2530 fuisse
404 2460 610 2529 alumnorum
641 2460 903 2547 probationibus,
936 2461 1020 2548 quin
1044 2472 1085 2529 ut
1119 2462 1305 2541 interesset,

278 2578 373 2643 citius
392 2575 554 2644 interdum
577 2598 675 2662 quum
701 2577 937 2656 constituisset,
959 2577 993 2640 in
1019 2577 1134 2646 urbem
1161 2577 1304 2647 rediisse.

277 2693 340 2756 Eue
365 2693 452 2758 onim
475 2692 573 2777 ipsius
598 2689 735 2760 deliciae
754 2703 864 2769 erant,
887 2701 926 2758 ut
943 2691 989 2756 sic
1011 2715 1030 2758 u
1050 2693 1211 2777 principio
1231 2692 1307 2759 inde

277 2807 422 2874 notitiam
450 2807 635 2874 futurorum
667 2806 729 2874 sibi
757 2818 884 2890 pararet
909 2805 1152 2892 discipulorum.
1190 2807 1305 2893 ltaque

276 2920 353 2988 alias
367 2921 464 2988 eriam
473 2919 681 3004 Gymnasium
692 2920 844 2999 inrisere,
858 2920 1110 2988 adolescentium
1121 2943 1305 3008 progressus

277 3045 458 3104 constanter
475 3032 658 3113 attendere,
676 3034 843 3123 explorare
859 3035 1009 3119 optimus,
1025 3046 1158 3106 cunctos
1169 3037 1305 3104 incitare

276 3149 400 3220 arebut.
421 3147 513 3218 Unde
522 3146 566 3214 de
584 3149 746 3218 nonnullis
757 3170 887 3228 eorum,
907 3170 988 3235 quos
1005 3161 1114 3235 postea
1125 3149 1304 3235 discipulos

277 3276 390 3336 nactus
427 3275 474 3332 est
502 3264 787 3349 praestantissimos
822 3253 1090 3350 amplissimisque
1117 3265 1305 3334 mneritas

272 3379 349 3463 jure
366 3391 492 3449 ornatos
512 3377 610 3457 vidit,
625 3376 692 3461 jam
707 3377 956 3446 adolescentulis
972 3379 1056 3447 bene
1074 3401 1203 3465 sperare
1221 3379 1307 3451 didi-

277 3495 333 3564 cit.
365 3491 428 3562 aad
453 3491 541 3578 quod
566 3492 713 3579 gravitas,
735 3514 962 3579 quaecumque
979 3494 1172 3561 institutioni
1195 3516 1305 3562 eoseu-

278 3607 401 3679 modae
422 3617 455 3674 ct
465 3607 730 3692 praeceptoribus
746 3608 792 3678 iu
809 3608 936 3679 muneri
948 3595 1005 3678 sim
1018 3607 1240 3678 devinciendis
1255 3610 1306 3675 in·

277 3723 452 3802 servirent,
463 3733 500 3786 ut
517 3722 616 3786 alacri
627 3723 733 3785 animo
749 3721 831 3785 illud
843 3721 984 3800 obirent,
1006 3723 1040 3784 in
1057 3720 1104 3785 his
1117 3722 1304 3803 suadendis,

278 3835 522 3922 promovendis,
545 3833 750 3922 perficiendis
770 3847 855 3900 totus
877 3847 953 3900 erat.
994 3837 1077 3905 Hinc
1098 3837 1139 3906 ab
1156 3837 1305 3917 Ektero,

278 3951 393 4016 eximin
420 3949 586 4036 Gymuaaii
614 3949 765 4029 docmre,
790 3951 859 4033 ejus
885 3951 1026 4015 fulcrum
1054 3961 1153 4036 atque
1176 3942 1308 4035 ἄγαλμα

280 4165 481 4178 m·-

313 4307 338 4373 1)
359 4309 447 4368 Prdof.
467 4311 550 4360 Cetei.
566 4325 590 4374 p.
610 4309 652 4359 ld.
