2875 5075
285 699 319 762 in
339 694 476 763 Graecia
495 705 527 758 et
545 692 638 758 Italia
657 692 772 773 iubes,
793 691 835 757 ad
856 691 1072 757 maturitatem
1090 710 1166 755 tero
1185 691 1317 777 propius

285 809 456 876 accessisse
471 809 505 873 in
523 802 757 873 recentioribus
764 808 913 892 Europae
930 805 1089 891 gentibue.
1106 804 1197 870 Fidei
1207 817 1318 871 autem

210 962 224 989 .·
285 923 451 989 faciendae
470 923 685 987 inserviebant
706 921 867 1008 plurimas
890 923 1054 986 ramessia
1072 918 1260 1000 festarum,
1281 922 1317 983 in

282 1039 419 1105 Oriente
437 1037 599 1103 sacrificiis
612 1038 839 1117 constantium,
850 1034 944 1123 apud
952 1036 1092 1101 Graecos
1109 1046 1143 1099 et
1156 1036 1317 1099 Romanos

285 1152 335 1218 lais
361 1151 492 1239 quidem
520 1174 585 1217 non
611 1154 812 1231 carentium,
834 1150 892 1215 sed
905 1171 986 1215 »cum
1005 1150 1209 1236 gymnasticis
1228 1148 1315 1218 ludis

282 1267 531 1351 conjunctorum
562 1265 798 1333 adulescentiae
832 1266 1073 1344 consentaneis,
1099 1265 1135 1328 iu
1171 1264 1317 1350 gentium

282 1382 549 1449 Germanicarum
563 1382 791 1447 torneamentis
809 1391 875 1445 tam
885 1378 1093 1446 concertandi
1109 1378 1205 1443 medo
1215 1399 1316 1465 quom

284 1496 407 1561 honere
445 1496 570 1560 leminis
613 1493 725 1561 habito
746 1495 981 1581 provectiorem
1007 1504 1144 1559 aetatem
1170 1492 1315 1557 referen-

283 1612 388 1676 tium:
421 1632 518 1697 porro
549 1632 758 1698 progressus
783 1612 933 1689 amorra,
957 1609 1014 1695 qni
1030 1607 1116 1695 ap'ud
1134 1606 1316 1673 Orientales

282 1726 319 1789 in
340 1725 517 1790 reverentia
534 1725 654 1811 positus
674 1736 758 1791 esset
785 1745 863 1811 erga
880 1734 1029 1809 parentes
1048 1735 1081 1789 at
1094 1722 1314 1810 potentiores,

188 1874 191 1879 ·
284 1839 467 1905 inGraeeio
481 1838 524 1903 ad
541 1840 701 1905 amicitiae
721 1860 848 1905 sensum
865 1838 1115 1925 progrederetur
1129 1836 1316 1903 adolescen-

285 1954 347 2019 tiae
371 1972 571 2041 congruum,
598 1953 688 2040 apud
711 1955 917 2021 Germanicas
936 1964 1049 2040 gentes
1078 1950 1316 2039 superveniret

283 2080 343 2149 ut,
364 2066 454 2155 qnod
469 2069 653 2133 maturioris
661 2069 774 2133 aetatis
784 2068 843 2147 sit,
857 2088 939 2133 cum
956 2068 1044 2151 justo
1063 2066 1316 2153 conjungeretur

284 2183 478 2246 feminarum
490 2182 612 2247 studio:
625 2182 700 2247 dein
711 2185 900 2271 regiminis
903 2181 1107 2269 formantes
1116 2184 1223 2260 ratio,
1231 2202 1317 2267 quae
1424 2220 1428 2229 ι

261 2294 371 2381 -apud
397 2295 578 2361 Orientales
602 2297 645 2361 ad
667 2296 935 2383 patriarchicum,
954 2318 1052 2382 quam
1075 2294 1207 2376 dicunt,
1237 2316 1315 2359 cou-

282 2409 439 2475 ditionem
460 2398 683 2497 compositae,
716 2412 752 2473 in
770 2412 909 2477 Graecia
933 2412 1123 2496 Romaeque
1152 2410 1316 2495 rehuspu-

283 2525 378 2592 blicis
399 2524 603 2606 cnmtarent,
627 2525 831 2613 aequalitatis
850 2524 959 2590 studio
984 2524 1187 2610 conspicuis,
1209 2526 1244 2588 in
1261 2547 1314 2589 re

254 2661 256 2666 ·
277 2642 427 2706 acutiore
437 2642 565 2726 Europa
583 2641 623 2706 od
639 2640 860 2706 monarchiam
879 2641 1072 2706 accesserint
1085 2651 1314 2724 temperatam,

281 2753 386 2818 molto
412 2753 502 2825 illam
528 2755 643 2819 ceteris
671 2755 784 2818 lormis
804 2755 1082 2840 praestabiliorem
1099 2766 1133 2818 et
1148 2757 1249 2841 magis
1267 2756 1316 2818 ri·

278 2869 395 2933 silem:
419 2879 489 2933 tum
508 2867 790 2932 ammiramis
814 2871 848 2931 in
875 2869 1008 2934 Oriente
1033 2868 1073 2933 ad
1102 2869 1257 2934 familiam
1283 2880 1316 2932 et

281 2983 427 3062 tribum,
458 2984 492 3046 in
518 2983 758 3068 rebuspublics‘s
787 2985 934 3070 antiquis
954 2983 994 3048 ad
1013 2985 1194 3068 citimam,
1226 2982 1315 3068 opud

280 3087 490 3164 Germanicos
510 3098 647 3184 populos
667 3097 708 3162 ad
726 3118 834 3162 teram
853 3097 993 3162 hominis
1013 3097 1203 3184 dignitatem
1231 3098 1315 3162 rela-

281 3223 351 3277 tus:
374 3212 537 3300 denique,
560 3211 648 3300 quod
670 3214 867 3278 nou‘ultimo
884 3213 958 3278 Ιοοο
984 3212 1227 3278 memorandum
1242 3213 1315 3276 fue-

278 3339 351 3408 rat,
376 3349 498 3392 rerum
517 3341 768 3406 aeternarum,
789 3331 884 3393 casti
899 3351 940 3392 aa
959 3328 1153 3413 splendidi,
1169 3327 1313 3413 pulcri,

277 3419 368 3521 aeri,
386 3444 489 3528 justi
499 3491 509 3522 ,
533 3445 896 3530 magnanimitatis&
913 3446 1163 3529 generositatis
1181 3441 1313 3521 studia,

277 3555 458 3620 evolventia
473 3577 542 3620 sese
562 3557 676 3622 eedem
696 3556 793 3623 modo
810 3569 843 3622 et
858 3557 971 3621 ordine
981 3557 1018 3620 in
1034 3579 1153 3644 genere
1171 3555 1313 3621 humano

276 3680 376 3755 atque
398 3670 432 3734 in
465 3671 621 3758 singulari
647 3672 785 3738 hairtins.
828 3673 1102 3739 Geternmunum
1122 3683 1192 3736 erat
1211 3672 1246 3734 in
1260 3670 1313 3767 'his

277 3783 427 3848 omnihus
449 3797 662 3871 perpetuum,
686 3787 824 3856 hominis
834 3787 908 3853 dico
928 3778 1134 3873 αὐτουργίαν,
1150 3787 1247 3870 cujus
1265 3788 1313 3850 la·
1388 3867 1391 3871 ἵ

277 3899 435 3964 cultatem
462 3899 507 3968 ita
524 3921 765 3988 nonnumquam
787 3900 1057 3967 commemorabat
1076 3899 1254 3981 llerssdius,
1276 3912 1313 3966 ut

279 4013 456 4079 iulliviuae
472 4010 693 4082 Providentiae
721 4017 930 4081 veneratione·
944 4016 1124 4094 desineret,
1148 4036 1235 4102 quas
1253 4016 1311 4080 ho·

279 4126 398 4191 minem
425 4128 512 4194 haud
535 4131 665 4218 aliunde
682 4131 843 4218 pendere,
872 4131 928 4196 sed
951 4131 1144 4196 intrinsecus
1170 4151 1241 4194 sese
1257 4153 1312 4196 ex·-

280 4239 403 4324 plioare
420 4255 454 4314 et
476 4243 516 4309 ad
538 4247 769 4330 perlectionem
786 4245 917 4310 tendere
932 4248 1183 4331 pasteroluerit.
1209 4247 1308 4332 liqui·
