2875 5075
767 523 830 585 104

287 679 318 760 st
344 693 510 784 efficacias,
539 714 642 780 quom
674 692 722 759 od
748 692 944 758 recolendos
973 695 1178 758 remmom
1196 704 1322 781 genter

285 812 450 903 autiquae
472 807 654 872 deducam
682 807 823 888 literne,
854 807 949 873 dieo
977 828 1020 873 m.
1040 806 1158 891 Aprilis
1176 829 1207 873 a.
1229 809 1318 872 18⁰7

286 923 328 987 al)
373 921 532 1002 Heusdio‚
586 923 808 1008 magistratum
854 916 1083 987 Academicum
1133 920 1319 1007 deponente

287 1036 455 1124 Sariique,
478 1037 546 1124 ipso
569 1035 725 1115 Rectore,
749 1032 894 1101 defuncti
919 1036 1106 1100 memoriam
1130 1036 1319 1100 celebrante

289 1154 510 1237 pronuntiata,
542 1151 625 1237 typis
651 1169 714 1213 non
742 1149 903 1237 descripta
932 1161 991 1216 est.
1039 1151 1077 1214 ln
1114 1149 1176 1215 lmc
1207 1159 1319 1214 autem

288 1265 388 1349 major
409 1265 577 1330 verborum
608 1265 902 1351 sententiarumque
922 1264 1131 1349 simplicitur,
1162 1284 1263 1350 quam
1283 1266 1317 1327 in

287 1380 427 1467 eleganti
453 1380 624 1465 variaeque
647 1378 836 1443 eruditionis
853 1378 947 1463 plena
971 1379 1114 1443 oratione
1136 1379 1318 1464 inaugura·

286 1493 321 1560 li.
355 1494 504 1560 Ultimum
522 1494 653 1558 fortasse
673 1493 782 1557 limam
810 1491 992 1571 desideres,
1021 1491 1076 1557 sed
1110 1491 1190 1557 nilril
1218 1494 1318 1556 etiam

289 1620 336 1673 est
362 1608 518 1695 quaesiti,
549 1607 659 1688 nulla,
692 1630 791 1695 qnam
820 1585 983 1692 depactam
1011 1607 1112 1685 relis,
1140 1605 1317 1671 disserendi

288 1722 431 1788 luxuries
443 1771 452 1802 ,
465 1724 603 1788 multum
618 1744 713 1802 rere,
738 1744 804 1809 qno
823 1722 948 1787 erutam
966 1742 985 1785 e
1000 1720 1128 1787 dictatis
1145 1720 1318 1786 confirmes

288 1836 521 1923 suspicionem,
552 1836 729 1902 Hensdium
755 1849 855 1916 tnnc,
884 1835 925 1901 ad
951 1834 1084 1900 meliora
1111 1834 1316 1913 tendentem,

288 1950 430 2015 nondum
450 1961 557 2015 tamen
573 1952 726 2016 interiore
750 1949 885 2016 valuisse
904 1949 1002 2015 medii
1019 1951 1089 2014 aeri
1112 1960 1145 2013 et
1168 1950 1318 2036 gentium

287 2064 551 2129 Germanicarum
573 2065 774 2151 cognitione,
792 2064 999 2149 doluisseque
1018 2064 1048 2127 ei
1067 2062 1175 2129 adhuc
1196 2065 1318 2149 prima·

289 2177 408 2243 riarum
429 2189 461 2242 et
481 2179 634 2243 altissime
650 2178 818 2243 latentium
842 2198 1010 2244 cansarum
1028 2178 1317 2264 investigationem.

288 2295 367 2359 Nam
386 2306 530 2381 tempora
549 2294 631 2359 illud
658 2294 823 2359 continere
845 2293 964 2359 dieitur
985 2292 1146 2357 barbariei
1169 2302 1202 2356 et
1227 2304 1318 2358 atrae

186 2471 188 2473 ,
289 2408 456 2495 caliginis,
470 2428 533 2475 noo
553 2429 628 2474 rere
647 2409 767 2495 pariter
786 2408 901 2487 lentae,
921 2428 960 2473 ex
978 2408 1054 2493 ipsie
1072 2406 1199 2493 populis
1215 2408 1318 2493 expli·

288 2524 370 2589 citae
389 2518 633 2611 Christianaque
651 2524 839 2610 praesertim
861 2522 1016 2610 religione
1038 2534 1224 2610 provectae,
1241 2545 1317 2608 pro-

289 2639 474 2724 gressionis:
495 2635 521 2725 ¹)
547 2639 691 2723 rejicitur
709 2633 840 2725 quidem
856 2658 968 2704 eorum
985 2637 1162 2716 contentia,
1193 2639 1253 2725 qni
1271 2639 1316 2702 alr

289 2753 361 2816 uois
390 2753 492 2817 literis
525 2753 665 2840 antiquis
698 2771 826 2816 omnem
859 2762 1004 2837 repetant
1036 2751 1316 2832 emendationem,

288 2865 450 2952 hujusque
466 2866 637 2952 primariae
655 2885 770 2930 causae
790 2866 855 2930 alte
877 2865 978 2930 latere
997 2878 1169 2934 censentur
1188 2869 1222 2933 in
1237 2889 1317 2956 gen-

301 2980 369 3044 ium
388 2979 534 3059 historia;
548 2979 615 3045 'sed
634 2979 696 3045 hoc
715 2979 845 3044 nomine
863 2981 996 3046 veniunt
1018 2991 1088 3046 tum
1099 2981 1317 3068 expeditiones

290 3116 415 3174 sacrae,
439 3095 558 3182 quibus
578 3096 705 3180 Europa
722 3095 830 3160 multis
850 3096 991 3182 tyrannis
1011 3096 1145 3161 liberata
1164 3098 1224 3178 sit,
1245 3108 1318 3164 tum

288 3222 487 3276 mercaturae
518 3211 733 3290 incrementa,
762 3209 883 3297 qnilroe
908 3209 1041 3275 inferior
1065 3211 1208 3296 gentium
1238 3234 1315 3297 pars

288 3325 328 3391 ud
347 3324 518 3412 quamdam
535 3337 645 3390 erecta
661 3325 702 3389 sit
719 3323 961 3389 anctoritatem:
985 3325 1030 3388 ita
1043 3325 1165 3390 lactum
1175 3307 1316 3392 eonten-

289 3440 393 3518 ditur,
415 3451 452 3503 nt
467 3440 661 3526 potentiores
676 3437 955 3523 deprimerentur,
987 3438 1152 3504 interiores
1181 3441 1316 3506 attolle-

295 3644 490 3653 m..-

325 3748 351 3816 1)
370 3751 516 3816 tlon-tasas,
541 3767 574 3802 ne
596 3715 672 3801 lrodie
702 3752 807 3816 quidem
832 3751 865 3802 ab
886 3752 1004 3804 omnihus
1031 3753 1158 3804 historiole
1173 3754 1215 3803 sic
1236 3755 1316 3804 stetui

204 3889 211 3895 ,
288 3841 320 3890 de
335 3839 511 3905 progressione
523 3839 584 3902 illa,
596 3839 653 3888 aliie
666 3839 715 3888 alia
731 3838 888 3904 petierimum
907 3838 939 3887 ad
953 3853 1008 3888 eam
1023 3837 1197 3906 explicandam
1216 3855 1315 3902 urgen-

288 3928 364 3976 tibus.
375 3927 444 3991 Quae
455 3925 770 3990 anemnswaisrim‚ipae
789 3926 882 3974 merito
890 3925 995 3987 scribit,
1013 3940 1061 3974 rea
1075 3923 1109 3974 ist
1123 3926 1209 3989 walrr,
1227 3941 1255 3975 es
1273 3926 1316 3988 lag

288 4014 344 4063 eine
359 4028 463 4075 grosse,
485 4011 680 4076 rerjringende,
702 4010 923 4061 lruohttreilrende
948 4011 1021 4060 tran
1041 4009 1067 4060 in
1086 4011 1143 4060 dem
1161 4012 1250 4061 Samen
1269 4012 1316 4061 des

289 4099 431 4160 gottliclran
452 4099 576 4148 Wortern
590 4097 651 4146 aber
669 4113 697 4145 er
711 4096 838 4146 ·bednrlte
854 4097 926 4145 eines
943 4096 1047 4160 reineri,
1074 4097 1187 4146 lnochen
1215 4099 1316 4146 dodana

288 4199 330 4232 um
345 4183 400 4233 sich
423 4200 467 4233 rur
482 4184 584 4232 reichen
610 4185 667 4232 Saat
686 4199 717 4231 su
744 4182 926 4231 entwicleln.»
948 4185 1015 4233 Gdtt.
1038 4184 1093 4234 Gel.
1118 4185 1184 4233 Ans.
1207 4181 1312 4233 ..18⁴1

290 4287 313 4334 p,
332 4265 383 4316 774
401 4284 456 4332 sqq.
