2875 5075
756 468 800 527 88

259 645 399 724 Cuncta,
414 662 497 729 quae
508 643 569 707 viri
587 642 664 706 boni
673 642 814 705 mentem
831 648 990 705 moveant.
1014 640 1164 705 Praesens
1181 640 1284 702 omnia

259 758 326 822 vidi
347 768 403 821 out
419 754 538 822 audiri.
584 756 769 833 Curatores,
792 753 1010 833 Professores,
1042 754 1127 817 cives
1155 763 1188 817 et
1205 754 1286 817 Aca·

260 870 384 937 demiae
398 882 438 947 ¹et
454 870 549 935 Urbis
572 879 658 933 tauta
678 890 752 934 cum
777 868 1009 932 asseveratione
1034 865 1285 945 contendebant,

262 1008 335 1051 cum
344 982 474 1049 Heusdii
489 983 622 1049 consilio
632 982 825 1049 Academiae
835 982 971 1047 salutem
983 980 1189 1064 conjunctam
1201 1002 1287 1059 esse,

263 1122 337 1163 eum
378 1098 529 1182 discipuli
569 1118 711 1163 amorem
754 1095 954 1181 probabant,
993 1104 1029 1159 ut
1078 1094 1158 1159 nibil
1195 1116 1290 1181 supra

262 1222 388 1299 posset,
428 1224 466 1277 ut
505 1213 579 1291 illo,
610 1211 745 1275 firmiter
773 1220 902 1286 teneus,
941 1209 1172 1273 institutionem
1201 1232 1289 1273 suam

262 1326 341 1392 alibi
374 1325 474 1390 nihilo
504 1325 544 1391 ad
566 1326 739 1390 utilitatem
765 1324 948 1389 uberiorem
974 1324 1064 1403 fore,
1093 1322 1151 1387 bos
1184 1334 1290 1387 tamen

263 1441 430 1519 deserere,
452 1440 636 1525 relinquere
657 1439 843 1518 stationem,
878 1458 1019 1524 quacum
1036 1417 1213 1502 arctissima
1231 1436 1292 1501 sibi

264 1553 479 1619 intercederet
506 1552 619 1619 decem
645 1564 677 1617 et
702 1564 825 1637 septem
841 1573 998 1617 annorum
1017 1551 1239 1630 necessitudo,
1259 1573 1291 1616 se

265 1668 352 1734 baud
375 1689 466 1761 posse
485 1666 702 1731 arbitraretur.
725 1666 794 1732 lloc
813 1666 868 1731 ubi
890 1665 1022 1751 publice
1038 1666 1291 1754 significaverat,
1325 1687 1330 1691 ·

266 1782 484 1869 complurium
500 1781 649 1867 apparuit
667 1792 776 1867 gratus
792 1780 935 1860 animos,
956 1777 982 1867 ¹)
1000 1780 1149 1867 cuiquae
1160 1790 1294 1865 accepta

266 1897 407 1964 refertur
434 1894 566 1959 Heusdii
589 1895 695 1981 imago
728 1906 760 1959 et
784 1896 871 1980 picta
891 1906 923 1959 et
938 1896 1006 1959 aeri
1025 1896 1142 1975 incisa,
1177 1906 1213 1959 ut
1233 1894 1293 1979 ipsi

267 2032 404 2089 munus,
427 2009 607 2095 profectum
627 2011 748 2095 quippe
766 2008 807 2073 ab
824 2008 1016 2087 Academiae
1030 2009 1186 2088 alumnis,
1199 2008 1294 2094 longe

264 2124 535 2209 jucundissimum
565 2124 648 2203 tuit,
680 2124 783 2187 itaet
813 2124 956 2209 cognatis
982 2122 1052 2206 ejus
1078 2133 1110 2186 et
1134 2122 1296 2188 amiciret

268 2237 434 2323 discipulis
462 2238 675 2303 suavissimam
709 2236 871 2323 hodieque
900 2248 1065 2323 promovet
1089 2235 1218 2302 dolendi
1242 2256 1297 2299 ro·

269 2353 438 2438 luptatem.
462 2352 631 2431 Ceterum,
651 2350 740 2438 quod
761 2350 847 2416 haud
868 2352 934 2417 scio
955 2369 1005 2415 *an
1021 2350 1100 2433 jure
1118 2350 1311 2436 superiori·—
1421 2337 1422 2346 ἵ

267 2466 328 2533 bus
354 2476 522 2546 nectatur,
556 2465 668 2531 eodem
693 2448 877 2535 ann01821
897 2488 917 2529 a
936 2468 1026 2553 Rege
1044 2464 1205 2531 Heusdius
1222 2486 1299 2529 cre-

241 2571 245 2580 ’
268 2592 340 2647 atus
357 2591 404 2646 est
420 2580 539 2646 ordinis
558 2581 659 2646 leonis
676 2581 882 2647 Neerlandici
900 2583 1017 2668 Eques.
1136 2622 1141 2630 -

314 2697 365 2760 lta
375 2684 505 2760 laudato
515 2706 546 2758 et
566 2696 704 2781 expetito
725 2718 788 2762 non
809 2697 943 2762 dubium
963 2717 1031 2760 esse
1048 2706 1194 2780 poterat,
1219 2694 1300 2781 quin

270 2809 466 2890 instituenda
480 2808 652 2891 juventute
667 2810 738 2875 aliis
759 2833 874 2896 operae
893 2811 1032 2896 pretium
1054 2809 1301 2875 facerevideress·

272 2933 373 2988 retur.
410 2924 645 2996 ‚Verumtamen
664 2925 821 3011 graviora
851 2937 882 2990 et
912 2926 1036 3001 cariora
1063 2924 1212 3004 laudibus
1237 2924 1301 2988 illis

272 3038 303 3102 ei
323 3037 508 3124 obtigerunt
531 3039 724 3104 testimonia.
757 3039 862 3121 Quam
881 3040 966 3104 euim
985 3039 1152 3104 Leidenses
1166 3039 1302 3121 juvenes

196 3171 198 3179 ·
272 3153 373 3218 locuti
389 3163 480 3217 eraut
499 3151 732 3238 discipulorum
751 3175 828 3240 erga
841 3152 1020 3219 Heusdium
1038 3154 1155 3218 amoris
1175 3153 1303 3238 magui-

273 3265 437 3349 tudinem,
482 3288 518 3331 ea
545 3268 691 3352 prolecto
717 3267 886 3354 singularis
912 3268 993 3348 luit,
1029 3291 1066 3332 er
1085 3267 1174 3356 fonte
1196 3278 1304 3332 autem

273 3382 422 3446 manabat
434 3402 482 3460 eo,
506 3402 603 3467 quem
622 3382 800 3468 Kemperus
817 3381 1013 3446 indicaverat
1029 3367 1202 3448 vocationis
1223 3392 1304 3445 tem-

272 3515 361 3580 pore.
410 3496 486 3558 «Tu
507 3494 573 3558 noli
591 3495 796 3560 alumnorum
817 3497 949 3560 caritate
969 3496 1170 3579 Trajeotinae
1191 3496 1307 3560 statio-

274 3609 308 3674 ni
328 3607 433 3696 affigi;
468 3609 538 3674 fons
565 3611 650 3674 euim
675 3611 744 3696 ejus
767 3632 831 3676 nou
848 3612 882 3675 in
898 3609 1071 3694 juvenibus
1090 3611 1175 3690 illis,
1198 3608 1307 3674 sedin

274 3733 306 3789 te
324 3723 389 3803 est,
418 3723 552 3810 ipsaque
577 3723 701 3792 idcirco
731 3735 841 3811 parata
869 3725 929 3813 tibi
951 3724 1106 3812 ubique.»
1146 3727 1186 3790 Et
1214 3745 1308 3804 sane,

309 4116 336 4180 2)
353 4119 389 4168 Cl.
404 4119 480 4170 verba
491 4121 606 4171 Rectoris
618 4121 743 4184 llapnilici
755 4121 784 4171 iu
797 4120 863 4171 Ans.
871 4121 952 4171 Aood.
965 4123 1076 4191 Trajeot.
1088 4139 1111 4174 a.
1127 4117 1298 4171 tato-1821
1384 4169 1388 4176 ,

275 4219 303 4269 r·
317 4201 352 4254 ⁵⁷
369 4221 425 4270 us·
