2875 5075
615 532 680 595 213

137 701 341 786 simplicitas,
370 718 450 785 qua,
483 711 519 766 ut
546 702 646 767 virilis
672 704 784 767 aetatis
809 702 926 788 scripta
952 702 1048 791 longe
1070 705 1164 770 Prae·

136 816 289 881 tationem
314 811 522 899 Speeimim's
550 816 680 881 Critias·
710 827 742 880 et
770 818 955 882 Orationem
982 818 1023 881 de
1057 817 1163 884 Aust·

136 952 206 1015 qaus
225 928 436 1014 Eloquentia
459 941 629 1014 superant,
650 931 693 995 ita
711 934 782 1015 ipse
800 930 940 995 amultis
955 930 1164 1018 distinguitur

136 1044 235 1107 latina
246 1043 580 1108 orationc'utentibuss
600 1043 711 1109 eadem
722 1066 819 1129 porro
831 1066 931 1130 quum
951 1046 1056 1109 omnia
1074 1049 1163 1111 vetut

137 1180 174 1221 ex
187 1156 273 1219 edito
286 1156 424 1241 quodam
437 1158 508 1221 loco
523 1158 711 1223 observandi
722 1158 887 1244 diligentia
899 1168 968 1221 tum
978 1179 1053 1223 vero
1064 1159 1162 1224 bene·

136 1271 293 1335 velentiae
303 1290 387 1355 'erga
398 1269 542 1335 homines
553 1284 651 1358 atque
661 1273 778 1337 amoris
789 1271 995 1359 significatio,
1010 1272 1163 1360 idemque

136 1385 198 1449 hoc
216 1384 286 1469 ipso
297 1386 515 1448 amorenitcns
528 1385 670 1450 studium
682 1406 792 1450 sensus
804 1397 836 1450 et
846 1387 1015 1450 facultates
1033 1408 1160 1465 omnes,

133 1518 221 1583 ‚quae
241 1498 275 1559 in
293 1508 399 1561 mente
419 1499 557 1579 lateant,
581 1500 747 1580 movendi,
770 1499 968 1577 suscitandi,
993 1499 1033 1563 ad
1045 1502 1164 1585 optima

136 1632 287 1699 quaeque
305 1613 528 1679 convertendi:
553 1615 756 1701 antiquitatis
774 1614 885 1679 eadem
907 1615 1069 1679 uberrima
1086 1635 1163 1679 con-

136 1725 321 1812 templatio,
357 1748 421 1813 qua
450 1727 558 1793 sidere
579 1730 714 1815 ¹volenti
750 1740 782 1793 et
804 1729 966 1793 homiuem
1003 1728 1164 1811 judicanti

135 1852 208 1906 ants
233 1840 464 1921 excolendum,
489 1864 586 1929 quam
604 1844 768 1909 medicum
787 1864 816 1910 s.
837 1864 867 1910 c.
889 1844 1097 1929 politicnmse
1113 1843 1164 1923 in·

135 1954 355 2036 formandum,
381 1977 444 2020 non
473 1957 608 2022 dubium
633 1959 845 2044 relinquitur,
870 1957 950 2043 quid
975 1958 1046 2021 aliis
1071 1975 1165 2041 prae·

136 2080 294 2156 terqcam'
317 2071 521 2156 antiquarum
551 2073 718 2137 literarum
747 2070 894 2135 studiosis
925 2082 1068 2135 veterum
1096 2091 1164 2134 mo·

137 2188 289 2247 numenta
306 2184 445 2267 prosint:
468 2182 555 2247 idem
577 2162 717 2271 danique
739 2183 963 2249 inscribendo
989 2196 1088 2269 atque
1113 2184 1164 2246 in·
1198 2181 1201 2190 '

136 2297 296 2362 stituendo
322 2298 520 2382 propositum
547 2320 585 2363 eo
604 2298 769 2363 imbuendi
789 2299 941 2363 scientiae
956 2320 1082 2377 amore,
1106 2298 1163 2384 qui

135 2413 233 2478 ducat
252 2411 292 2476 ad
316 2411 514 2495 sapientiam.
558 2412 597 2476 Et
627 2413 688 2477 hoc
716 2412 847 2499 quidem
875 2414 1005 2475 minime
1029 2411 1161 2489 dubito,

136 2527 216 2613 quin
237 2524 371 2592 Heusdii
393 2523 532 2590 doctoris
558 2535 590 2588 et
616 2526 779 2611 scriptoris
807 2525 975 2589 consilium
1001 2545 1163 2592 summam

134 2641 242 2706 fuerit.
273 2639 331 2704 Gai
360 2639 386 2701 si
412 2658 611 2723 consequens
644 2651 731 2718 erat,
756 2651 792 2703 ut
819 2659 895 2703 cum
920 2636 1162 2723 disciplinarum

133 2750 356 2840 progressibus
375 2751 551 2816 arctissime
580 2751 785 2836 conjunctam
803 2752 861 2815 ille
882 2763 1006 2837 optaret
1024 2751 1162 2819 hominis

133 2881 166 2933 et
183 2868 343 2932 societatis
361 2866 400 2930 ad
422 2867 614 2931 verissimam
639 2866 870 2935 humanitatem
886 2867 1159 2953 progressionem,

134 2981 206 3046 side
227 2999 324 3068 quam
348 2979 447 3046 ardua
468 2981 633 3067 optaverit.
676 2983 764 3047 Haec
783 2983 868 3048 enim
888 2983 1071 3069 progressio
1097 3001 1161 3045 non

133 3083 294 3182 ὀστράκου
318 3105 365 3158 est
382 3086 608 3183 περιστροφή,
631 3094 686 3158 sed
707 3096 830 3182 ingenii
850 3095 1014 3180 animique
1040 3094 1081 3158 ad
1105 3115 1162 3158 se*

133 3209 260 3273 ritatem
280 3209 455 3274 conversio.
480 3209 541 3272 Hic
563 3209 753 3295 sapientiae,
771 3230 855 3296 quae
870 3209 968 3294 vulgo
986 3207 1158 3288 dicuntur,

133 3321 254 3402 effatis,
283 3323 381 3384 menti
405 3320 528 3400 infixis,
560 3331 592 3384 et
619 3334 799 3407 opportune
825 3323 902 3387 hinc
931 3321 1157 3400 avocantibus,
1220 3398 1225 3413 ,

132 3433 324 3502 ducentibus
356 3434 455 3515 illuc,
486 3457 549 3500 non
576 3438 681 3500 ornnia
708 3435 934 3516 eontinentur,
974 3433 1030 3497 sed
1058 3437 1160 3502 omnis

132 3550 336 3634 perfectionis
348 3549 488 3616 studium
504 3561 685 3636 spectatur,
702 3571 720 3616 e
740 3549 938 3616 conscientia
957 3549 1006 3616 sei
1024 3569 1158 3616 succum

132 3675 229 3750 atque
246 3664 387 3750 vigorem
411 3663 550 3746 ducens3
576 3686 640 3755 quo
663 3663 742 3750 quid
767 3665 911 3750 gravius,
934 3663 1012 3752 qnid
1042 3682 1158 3727 conve·

131 3779 270 3844 nicatius
292 3775 423 3858 divinis,
445 3778 563 3865 quibus
590 3777 687 3844 homo
705 3779 881 3842 instructus
906 3789 972 3856 est,
996 3776 1157 3842 facultati·

130 3892 210 3972 bus,
233 3892 315 3980 quid
341 3904 374 3957 et
401 3891 528 3978 dignius
557 3914 623 3979 quo
643 3893 825 3958 referantur
846 3893 972 3970 omnia,
995 3902 1029 3957 et
1050 3889 1158 3956 effica-

131 4009 199 4072 cius
229 4006 269 4072 ad
298 4027 335 4071 ea
365 4007 527 4093 diligenda
559 4027 597 4071 ac
629 4004 865 4092 promovenda,
907 4025 992 4090 quae
1024 4003 1158 4067 infinitis

131 4121 307 4187 rationibus
328 4121 391 4185 vim
409 4121 528 4187 habers
547 4119 587 4187 ad
608 4118 788 4189 istiusmodi
810 4119 1062 4206 progressionem
1083 4141 1158 4208 pos·
