2875 5075
682 578 686 583 ,
756 520 799 584 38

267 709 373 777 retur,
390 696 553 782 ingeniine
570 693 745 763 Heusdiani
762 693 924 762 solertiam
946 702 987 758 et'
998 691 1116 776 judieii
1139 694 1297 781 eleganti·

267 833 337 891 rm,
355 831 396 875 ao
411 810 530 873 sariam
547 818 796 894 assumuntque
813 804 994 875 deotricam
1005 827 1037 885 u,
1053 806 1095 878 sb
1114 806 1178 879 tao
1195 808 1297 894 igitur

266 925 416 1012 opinione
442 922 618 989 multorum
647 920 712 987 ridi
737 942 799 987 noo
823 921 923 988 miror
954 941 1067 1007 perum
1096 921 1297 1006 discrepasse

266 1040 463 1105 senteutiam.
486 1037 649 1104 Boeokhio
668 1048 776 1103 autem
787 1085 796 1114 ,
809 1037 866 1123 qni
877 1047 1072 1122 ectsmporo
1086 1058 1121 1101 se
1138 1035 1179 1102 ad
1190 1037 1297 1103 Plato·

266 1176 339 1219 nem
350 1152 551 1219 [armandum
571 1152 773 1231 accinxerat,
784 1150 933 1217 libellum
943 1153 1028 1217 iuter
1037 1152 1141 1236 prima
1156 1149 1299 1217 subsidia

265 1269 363 1333 irrisae
383 1266 512 1351 accepi,
525 1266 643 1352 quibus
663 1265 785 1351 ipsein
803 1265 878 1330 crisi
895 1264 1076 1331 exercenda
1095 1274 1253 1332 uteretur.

308 1380 402 1445 lidito
428 1378 636 1466 Spsoims’ns‚
660 1378 821 1447 iisusdius
850 1379 993 1463 Trajscti
1017 1378 1053 1445 in
1079 1379 1225 1463 plurium
1243 1402 1300 1445 ore

265 1507 344 1562 erat.
368 1497 440 1581 Ipse
459 1505 568 1559 autem
584 1505 621 1559 ut
638 1492 808 1573 audierat,
832 1515 991 1580 quaenam
1010 1494 1094 1559 ritas
1118 1494 1212 1560 statio
1234 1494 1298 1560 sibi

264 1620 454 1696 pararetur,
494 1630 700 1696 nequaquam
728 1609 832 1674 laetus
858 1606 1029 1673 honorifici
1057 1608 1185 1673 consilii
1204 1631 1300 1675 eren·

267 1736 336 1790 tum
354 1723 580 1811 prospiciebat.
601 1724 671 1789 idox
700 1720 768 1811 (die
785 1724 827 1788 14
851 1744 894 1789 m.
913 1721 1121 1809 Septembris)
1143 1725 1184 1787 21
1200 1723 1301 1789 thesi·

268 1838 329 1903 bus
368 1837 569 1904 eruditorum
609 1838 748 1903 examini
780 1836 962 1916 submissis,
991 1836 1107 1902 lmdae
1126 1838 1302 1925 utriusque

267 1954 353 2019 Juris
369 1951 483 2017 doctor
511 1962 638 2018 creatus
656 1952 762 2017 iuerat
782 1928 895 2035 etjam
911 1952 1009 2017 ritum
1030 1951 1091 2016 sibi
1106 1974 1189 2047 'eam
1209 1964 1301 2038 opu-

265 2070 339 2147 bat,
370 2088 456 2154 quae
486 2067 672 2154 frequentes
704 2065 849 2131 dnoonm
876 2066 1131 2151 opportunitates
1152 2066 1295 2135 offensu.

266 2181 449 2267 saepiussi
470 2181 623 2267 cogitatio
646 2180 795 2245 armi
815 2180 1044 2248 cubiculorum
1062 2181 1096 2247 io
1122 2203 1160 2246 ea
1190 2184 1301 2269 flagae

266 2296 397 2363 comitis
406 2305 497 2381 parte
508 2293 805 2372 conducendorum,
815 2282 1104 2360 ubi'inolientium
1125 2296 1300 2361 solitudine
1377 2315 1380 2321 ·

267 2412 362 2477 biurio
379 2409 501 2473 viveret
517 2420 550 2472 st
569 2410 819 2474 cultiuimornm
839 2410 1002 2475 frueretur
1028 2411 1182 2477 amicitia.
1229 2414 1297 2480 Vo-

269 2547 341 2591 rom
359 2523 463 2610 patri,
494 2533 531 2588 ut
555 2534 649 2589 antea
674 2545 768 2609 saepe
797 2534 927 2610 gratum
958 2524 1101 2604 ieemat,
1134 2526 1179 2591 ita
1198 2539 1298 2608 tuno,

268 2641 469 2708 vocationem
490 2639 703 2722 Trajeotinam
729 2639 826 2704 unice
851 2640 996 2725 optanti,
1026 2661 1093 2704 non
1118 2663 1303 2727 repugnare

241 2789 244 2798 ·
267 2753 421 2817 decrerit.
467 2751 601 2832 Quoties
618 2762 727 2819 tamen
748 2752 885 2818 aliorum
899 2755 978 2818 item
993 2755 1218 2839 a,Trrjeotinis
1234 2763 1300 2821 'ra-

269 2869 314 2931 tio
335 2865 451 2932 baberi
465 2866 516 2930 rel
536 2866 652 2930 aenmii
672 2866 789 2931 urbani
811 2889 890 2931 eura
913 2868 1059 2934 nonnihil
1089 2891 1198 2936 morae
1218 2872 1302 2937 alla-

270 2991 344 3045 tura
370 2979 554 3057 ierebatur,
586 3000 689 3065 aequo
715 2980 821 3046 animo
846 2981 1030 3065 hujusmodi
1057 2986 1186 3051 nunfios
1208 2987 1301 3050 aoei-

265 3093 395 3180 piobat‚
431 3093 520 3157 brevi
544 3115 639 3158 vanos
665 3105 817 3180 repertos.
861 3097 942 3161 Nam
968 3099 1127 3177 nummis,
1170 3111 1208 3165 ut
1240 3123 1301 3185 par

267 3218 335 3272 erat
346 3237 363 3287 ‚=
376 3207 567 3274 Academiae
585 3208 680 3273 saluti
701 3210 906 3294 postpositis,
940 3212 1035 3277 ambo
1053 3215 1228 3283 senuandi
1254 3238 1302 3279 sev

267 3343 323 3385 nes
333 3321 533 3388 rudeilonrti
544 3334 638 3403 sunt,
656 3334 688 3386 et
695 3323 856 3389 lieusdins
873 3325 925 3389 die
939 3332 979 3391 17
991 3349 1036 3392 m.
1045 3327 1206 3409 Octobris,
1217 3331 1304 3408 sala-

267 3437 315 3500 rio
332 3435 421 3499 mille
430 3447 463 3500 et
476 3437 691 3507 ducentorum
702 3438 899 3504 florenorum
914 3443 1077 3526 proposito
1089 3489 1100 3522 ,
1112 3455 1242 3511 oreatus
1253 3457 1303 3510 est

268 3549 528 3629 Historiarum,
553 3550 832 3639 Antiquitatum,
843 3553 1075 3641 Eloquentiae
1094 3570 1127 3621 st
1139 3558 1300 3647 Linguae

269 3658 417 3727 Graecae
456 3663 640 3752 Professor
677 3666 902 3735 ordinarius.
948 3671 1081 3750 Munus,
1122 3673 1148 3735 si
1177 3694 1236 3758 per
1264 3697 1299 3738 se

268 3786 453 3861 spectatur,
478 3799 585 3865 neque
603 3779 643 3844 ad
663 3779 696 3843 id
717 3781 878 3867 erigitur,
903 3784 992 3870 quod
1014 3806 1109 3870 saepe
1135 3787 1170 3850 in
1194 3789 1302 3872 patria

267 3902 375 3955 nostra
393 3889 534 3971 obtinet,
557 3892 621 3956 late
639 3905 768 3979 patens,
792 3918 853 3975 ao,
883 3896 924 3962 de
948 3899 1195 3985 Wyttenbaobii
1225 3905 1301 3989 qui-

268 4003 341 4068 dem
374 4006 548 4085 sententia,
581 4007 723 4072 Heusdio
751 4010 868 4093 partim
897 4013 1029 4094 eximio,
1063 4036 1127 4079 una
1161 4037 1237 4080 sero
1263 4017 1298 4082 in

268 4128 359 4202 parte
397 4119 501 4186 mium
540 4131 660 4207 aptum.
707 4123 878 4191 Historiam
916 4129 1001 4192 enim
1022 4127 1090 4195 ‘ille
1126 4129 1300 4200 serebatur

267 4242 304 4295 ut
320 4231 374 4297 hio
391 4246 479 4298 recte
497 4235 656 4314 traderet,
681 4238 739 4323 qui
760 4261 850 4304 suam
869 4252 996 4308 tantam
1012 4254 1157 4310 rotarum
1183 4244 1295 4310 litera·
