<?xml version="1.0" encoding="UTF-8"?>
<!DOCTYPE html PUBLIC "-//W3C//DTD XHTML 1.0 Transitional//EN"
    "http://www.w3.org/TR/xhtml1/DTD/xhtml1-transitional.dtd">
<html xmlns="http://www.w3.org/1999/xhtml" xml:lang="en" lang="en">
 <head>
  <title>
</title>
<meta http-equiv="Content-Type" content="text/html;charset=utf-8" />
  <meta name='ocr-system' content='tesseract 3.04.00' />
  <meta name='ocr-capabilities' content='ocr_page ocr_carea ocr_par ocr_line ocrx_word'/>
</head>
<body>
  <div class='ocr_page' id='page_1' title='image "./memoriaheusdii00rovegoog_0129.png"; bbox 0 0 2875 5075; ppageno 0'>
   <div class='ocr_carea' id='block_1_1' title="bbox 274 712 1310 1718">
    <p class='ocr_par' dir='ltr' id='par_1_1' title="bbox 274 712 1310 1718">
     <span class='ocr_line' id='line_1_1' title="bbox 275 712 1307 805; baseline -0.008 -22"><span class='ocrx_word' id='word_1_1' title='bbox 275 715 452 783; x_wconf 86' lang='lat' dir='ltr'>lleusdinm</span> <span class='ocrx_word' id='word_1_2' title='bbox 477 736 511 779; x_wconf 91' lang='lat' dir='ltr'>se</span> <span class='ocrx_word' id='word_1_3' title='bbox 537 716 644 780; x_wconf 82' lang='lat' dir='ltr'>stetim</span> <span class='ocrx_word' id='word_1_4' title='bbox 675 737 790 801; x_wconf 86' lang='lat' dir='ltr'>parurn</span> <span class='ocrx_word' id='word_1_5' title='bbox 813 720 926 805; x_wconf 78' lang='lat' dir='ltr'>aptum</span> <span class='ocrx_word' id='word_1_6' title='bbox 951 712 991 778; x_wconf 87' lang='lat' dir='ltr'>ad</span> <span class='ocrx_word' id='word_1_7' title='bbox 1014 713 1048 777; x_wconf 93' lang='lat' dir='ltr'>id</span> <span class='ocrx_word' id='word_1_8' title='bbox 1064 712 1307 798; x_wconf 87' lang='lat' dir='ltr'>suscipiendum</span> 
     </span>
     <span class='ocr_line' id='line_1_2' title="bbox 275 824 1306 918; baseline -0.007 -21"><span class='ocrx_word' id='word_1_9' title='bbox 275 832 478 898; x_wconf 73' lang='lat' dir='ltr'>existimasse.</span> <span class='ocrx_word' id='word_1_10' title='bbox 504 824 530 916; x_wconf 87' lang='lat'>¹)</span> <span class='ocrx_word' id='word_1_11' title='bbox 565 830 613 894; x_wconf 79' lang='lat' dir='ltr'>Ac</span> <span class='ocrx_word' id='word_1_12' title='bbox 644 842 811 915; x_wconf 84' lang='lat' dir='ltr'>praeterea</span> <span class='ocrx_word' id='word_1_13' title='bbox 828 826 1072 918; x_wconf 77' lang='lat' dir='ltr'>Wyttenbacbii</span> <span class='ocrx_word' id='word_1_14' title='bbox 1091 828 1306 905; x_wconf 77' lang='lat' dir='ltr'>auctoritato,</span> 
     </span>
     <span class='ocr_line' id='line_1_3' title="bbox 275 942 1306 1033; baseline -0.004 -22"><span class='ocrx_word' id='word_1_15' title='bbox 275 957 350 1011; x_wconf 89' lang='lat' dir='ltr'>utut</span> <span class='ocrx_word' id='word_1_16' title='bbox 371 945 480 1033; x_wconf 82' lang='lat' dir='ltr'>gravi,</span> <span class='ocrx_word' id='word_1_17' title='bbox 516 966 572 1009; x_wconf 88' lang='lat' dir='ltr'>nos</span> <span class='ocrx_word' id='word_1_18' title='bbox 602 954 709 1009; x_wconf 90' lang='lat' dir='ltr'>tamen</span> <span class='ocrx_word' id='word_1_19' title='bbox 730 966 768 1011; x_wconf 89' lang='lat' dir='ltr'>ea</span> <span class='ocrx_word' id='word_1_20' title='bbox 783 946 818 1010; x_wconf 92' lang='lat' dir='ltr'>in</span> <span class='ocrx_word' id='word_1_21' title='bbox 834 966 871 1010; x_wconf 92' lang='lat' dir='ltr'>re</span> <span class='ocrx_word' id='word_1_22' title='bbox 888 942 976 1009; x_wconf 87' lang='lat' dir='ltr'>baud</span> <span class='ocrx_word' id='word_1_23' title='bbox 994 942 1138 1007; x_wconf 74' lang='lat' dir='ltr'><strong>coerceri</strong></span> <span class='ocrx_word' id='word_1_24' title='bbox 1157 952 1306 1026; x_wconf 78' lang='lat' dir='ltr'>oportet,</span> 
     </span>
     <span class='ocr_line' id='line_1_4' title="bbox 274 1055 1307 1147; baseline -0.002 -24"><span class='ocrx_word' id='word_1_25' title='bbox 274 1061 309 1123; x_wconf 91' lang='lat' dir='ltr'>in</span> <span class='ocrx_word' id='word_1_26' title='bbox 325 1081 391 1147; x_wconf 87' lang='lat' dir='ltr'>qua</span> <span class='ocrx_word' id='word_1_27' title='bbox 420 1058 494 1145; x_wconf 89' lang='lat' dir='ltr'>plus</span> <span class='ocrx_word' id='word_1_28' title='bbox 522 1057 635 1138; x_wconf 90' lang='lat' dir='ltr'>nobis,</span> <span class='ocrx_word' id='word_1_29' title='bbox 667 1078 767 1145; x_wconf 82' lang='lat' dir='ltr'>quum</span> <span class='ocrx_word' id='word_1_30' title='bbox 789 1058 839 1124; x_wconf 91' lang='lat' dir='ltr'>illi</span> <span class='ocrx_word' id='word_1_31' title='bbox 865 1057 979 1137; x_wconf 91' lang='lat' dir='ltr'>licuit,</span> <span class='ocrx_word' id='word_1_32' title='bbox 1008 1055 1118 1121; x_wconf 80' lang='lat' dir='ltr'>videre</span> <span class='ocrx_word' id='word_1_33' title='bbox 1134 1056 1307 1142; x_wconf 77' lang='lat' dir='ltr'>contingit.</span> 
     </span>
     <span class='ocr_line' id='line_1_5' title="bbox 276 1169 1309 1261; baseline -0.006 -22"><span class='ocrx_word' id='word_1_34' title='bbox 276 1174 348 1239; x_wconf 77' lang='lat' dir='ltr'>stis</span> <span class='ocrx_word' id='word_1_35' title='bbox 378 1174 490 1253; x_wconf 90' lang='lat' dir='ltr'>mitto,</span> <span class='ocrx_word' id='word_1_36' title='bbox 518 1170 581 1238; x_wconf 93' lang='lat' dir='ltr'>boc</span> <span class='ocrx_word' id='word_1_37' title='bbox 610 1194 771 1261; x_wconf 86' lang='lat' dir='ltr'>memoro:</span> <span class='ocrx_word' id='word_1_38' title='bbox 802 1174 861 1260; x_wconf 93' lang='lat' dir='ltr'>qui</span> <span class='ocrx_word' id='word_1_39' title='bbox 895 1192 1022 1237; x_wconf 91' lang='lat' dir='ltr'>omnem</span> <span class='ocrx_word' id='word_1_40' title='bbox 1038 1169 1175 1254; x_wconf 87' lang='lat' dir='ltr'>alicujus</span> <span class='ocrx_word' id='word_1_41' title='bbox 1210 1171 1309 1235; x_wconf 84' lang='lat' dir='ltr'>vitam</span> 
     </span>
     <span class='ocr_line' id='line_1_6' title="bbox 276 1284 1309 1375; baseline -0.007 -22"><span class='ocrx_word' id='word_1_42' title='bbox 276 1297 476 1375; x_wconf 82' lang='lat' dir='ltr'>cognorunt,</span> <span class='ocrx_word' id='word_1_43' title='bbox 495 1286 575 1366; x_wconf 89' lang='lat' dir='ltr'>hos,</span> <span class='ocrx_word' id='word_1_44' title='bbox 597 1308 634 1351; x_wconf 86' lang='lat' dir='ltr'>ea</span> <span class='ocrx_word' id='word_1_45' title='bbox 650 1288 718 1373; x_wconf 84' lang='lat' dir='ltr'>ipsa</span> <span class='ocrx_word' id='word_1_46' title='bbox 735 1287 947 1374; x_wconf 80' lang='lat' dir='ltr'>posteriorum</span> <span class='ocrx_word' id='word_1_47' title='bbox 958 1305 1114 1351; x_wconf 83' lang='lat' dir='ltr'>annorum</span> <span class='ocrx_word' id='word_1_48' title='bbox 1125 1285 1199 1349; x_wconf 90' lang='lat' dir='ltr'>luce</span> <span class='ocrx_word' id='word_1_49' title='bbox 1211 1284 1309 1349; x_wconf 82' lang='lat' dir='ltr'>facil·</span> 
     </span>
     <span class='ocr_line' id='line_1_7' title="bbox 274 1399 1308 1495; baseline -0.002 -30"><span class='ocrx_word' id='word_1_50' title='bbox 274 1402 353 1466; x_wconf 88' lang='lat' dir='ltr'>lime</span> <span class='ocrx_word' id='word_1_51' title='bbox 372 1401 531 1468; x_wconf 91' lang='lat' dir='ltr'>interdum</span> <span class='ocrx_word' id='word_1_52' title='bbox 551 1400 719 1495; x_wconf 83' lang='lat' dir='ltr'>detegere,</span> <span class='ocrx_word' id='word_1_53' title='bbox 740 1422 880 1490; x_wconf 90' lang='lat' dir='ltr'>quorum</span> <span class='ocrx_word' id='word_1_54' title='bbox 899 1411 1058 1465; x_wconf 91' lang='lat' dir='ltr'>momenta</span> <span class='ocrx_word' id='word_1_55' title='bbox 1074 1400 1170 1465; x_wconf 91' lang='lat' dir='ltr'>unius</span> <span class='ocrx_word' id='word_1_56' title='bbox 1183 1399 1308 1483; x_wconf 84' lang='lat' dir='ltr'>juren-</span> 
     </span>
     <span class='ocr_line' id='line_1_8' title="bbox 276 1509 1309 1604; baseline -0.004 -22"><span class='ocrx_word' id='word_1_57' title='bbox 276 1518 354 1583; x_wconf 91' lang='lat' dir='ltr'>tutis</span> <span class='ocrx_word' id='word_1_58' title='bbox 383 1514 591 1604; x_wconf 81' lang='lat' dir='ltr'>florentisque</span> <span class='ocrx_word' id='word_1_59' title='bbox 618 1516 730 1581; x_wconf 86' lang='lat' dir='ltr'>aetatis</span> <span class='ocrx_word' id='word_1_60' title='bbox 748 1515 882 1582; x_wconf 88' lang='lat' dir='ltr'>testibus</span> <span class='ocrx_word' id='word_1_61' title='bbox 904 1537 969 1580; x_wconf 95' lang='lat' dir='ltr'>non</span> <span class='ocrx_word' id='word_1_62' title='bbox 990 1509 1119 1580; x_wconf 89' lang='lat' dir='ltr'>omnino</span> <span class='ocrx_word' id='word_1_63' title='bbox 1138 1514 1309 1599; x_wconf 87' lang='lat' dir='ltr'>perspicua</span> 
     </span>
     <span class='ocr_line' id='line_1_9' title="bbox 274 1626 1310 1718; baseline -0.006 -22"><span class='ocrx_word' id='word_1_64' title='bbox 274 1631 415 1698; x_wconf 81' lang='lat' dir='ltr'>fuerant.</span> <span class='ocrx_word' id='word_1_65' title='bbox 445 1630 509 1695; x_wconf 82' lang='lat' dir='ltr'>Sed</span> <span class='ocrx_word' id='word_1_66' title='bbox 527 1631 624 1695; x_wconf 86' lang='lat' dir='ltr'>instas</span> <span class='ocrx_word' id='word_1_67' title='bbox 645 1641 678 1695; x_wconf 85' lang='lat' dir='ltr'>et</span> <span class='ocrx_word' id='word_1_68' title='bbox 698 1652 808 1718; x_wconf 77' lang='lat' dir='ltr'>urges.</span> <span class='ocrx_word' id='word_1_69' title='bbox 838 1632 953 1696; x_wconf 78' lang='lat' dir='ltr'>Fertur</span> <span class='ocrx_word' id='word_1_70' title='bbox 971 1630 1056 1694; x_wconf 90' lang='lat' dir='ltr'>enim</span> <span class='ocrx_word' id='word_1_71' title='bbox 1070 1626 1231 1693; x_wconf 84' lang='lat' dir='ltr'>lleusdius</span> <span class='ocrx_word' id='word_1_72' title='bbox 1252 1628 1310 1691; x_wconf 85' lang='lat' dir='ltr'>in·</span> 
     </span>
    </p>
   </div>
   <div class='ocr_carea' id='block_1_2' title="bbox 278 1742 1435 1947">
    <p class='ocr_par' dir='ltr' id='par_1_2' title="bbox 278 1742 1435 1947">
     <span class='ocr_line' id='line_1_10' title="bbox 279 1742 1435 1833; baseline -0.002 -25"><span class='ocrx_word' id='word_1_73' title='bbox 279 1745 406 1809; x_wconf 92' lang='lat' dir='ltr'>terdum</span> <span class='ocrx_word' id='word_1_74' title='bbox 427 1742 524 1829; x_wconf 88' lang='lat' dir='ltr'>hujus</span> <span class='ocrx_word' id='word_1_75' title='bbox 543 1745 655 1811; x_wconf 85' lang='lat' dir='ltr'>saltem</span> <span class='ocrx_word' id='word_1_76' title='bbox 673 1744 801 1810; x_wconf 84' lang='lat' dir='ltr'>illiusvo</span> <span class='ocrx_word' id='word_1_77' title='bbox 818 1743 938 1833; x_wconf 75' lang='lat' dir='ltr'>dialogi</span> <span class='ocrx_word' id='word_1_78' title='bbox 956 1744 1114 1809; x_wconf 84' lang='lat' dir='ltr'>Platonici</span> <span class='ocrx_word' id='word_1_79' title='bbox 1134 1742 1310 1807; x_wconf 86' lang='lat' dir='ltr'>editionem</span> <span class='ocrx_word' id='word_1_80' title='bbox 1434 1765 1435 1776; x_wconf 56' lang='lat'>¹</span> 
     </span>
     <span class='ocr_line' id='line_1_11' title="bbox 278 1856 1435 1947; baseline -0.003 -24"><span class='ocrx_word' id='word_1_81' title='bbox 278 1858 449 1923; x_wconf 83' lang='lat' dir='ltr'>meditatus</span> <span class='ocrx_word' id='word_1_82' title='bbox 477 1880 555 1926; x_wconf 88' lang='lat' dir='ltr'>esse.</span> <span class='ocrx_word' id='word_1_83' title='bbox 588 1860 719 1939; x_wconf 78' lang='lat' dir='ltr'>Fateor,</span> <span class='ocrx_word' id='word_1_84' title='bbox 744 1881 818 1925; x_wconf 89' lang='lat' dir='ltr'>eum</span> <span class='ocrx_word' id='word_1_85' title='bbox 845 1858 886 1924; x_wconf 90' lang='lat' dir='ltr'>dc</span> <span class='ocrx_word' id='word_1_86' title='bbox 915 1858 1080 1947; x_wconf 81' lang='lat' dir='ltr'>Symposio</span> <span class='ocrx_word' id='word_1_87' title='bbox 1107 1868 1140 1922; x_wconf 91' lang='lat' dir='ltr'>et</span> <span class='ocrx_word' id='word_1_88' title='bbox 1162 1856 1310 1922; x_wconf 88' lang='lat' dir='ltr'>Phaedro</span> <span class='ocrx_word' id='word_1_89' title='bbox 1434 1873 1435 1878; x_wconf 73' lang='grc'>’</span> 
     </span>
    </p>
   </div>
   <div class='ocr_carea' id='block_1_3' title="bbox 254 1970 1331 3089">
    <p class='ocr_par' dir='ltr' id='par_1_3' title="bbox 254 1970 1331 3089">
     <span class='ocr_line' id='line_1_12' title="bbox 279 1970 1310 2061; baseline -0.004 -22"><span class='ocrx_word' id='word_1_90' title='bbox 279 1971 405 2039; x_wconf 88' lang='lat' dir='ltr'>edendo</span> <span class='ocrx_word' id='word_1_91' title='bbox 433 1973 632 2061; x_wconf 78' lang='lat' dir='ltr'>aliquamdiu</span> <span class='ocrx_word' id='word_1_92' title='bbox 662 1975 829 2061; x_wconf 81' lang='lat' dir='ltr'>cogitasse.</span> <span class='ocrx_word' id='word_1_93' title='bbox 882 1975 1006 2043; x_wconf 82' lang='lat' dir='ltr'>Verum</span> <span class='ocrx_word' id='word_1_94' title='bbox 1022 1970 1199 2037; x_wconf 89' lang='lat' dir='ltr'>attendenti</span> <span class='ocrx_word' id='word_1_95' title='bbox 1229 1970 1310 2036; x_wconf 86' lang='lat' dir='ltr'>mibi</span> 
     </span>
     <span class='ocr_line' id='line_1_13' title="bbox 279 2086 1310 2175; baseline -0.004 -22"><span class='ocrx_word' id='word_1_96' title='bbox 279 2088 414 2154; x_wconf 76' lang='lat' dir='ltr'>termam</span> <span class='ocrx_word' id='word_1_97' title='bbox 432 2087 579 2153; x_wconf 87' lang='lat' dir='ltr'>editionis</span> <span class='ocrx_word' id='word_1_98' title='bbox 595 2088 751 2169; x_wconf 77' lang='lat' dir='ltr'>Phaedri,</span> <span class='ocrx_word' id='word_1_99' title='bbox 774 2109 870 2175; x_wconf 89' lang='lat' dir='ltr'>quam</span> <span class='ocrx_word' id='word_1_100' title='bbox 894 2089 955 2153; x_wconf 91' lang='lat' dir='ltr'>sibi</span> <span class='ocrx_word' id='word_1_101' title='bbox 974 2110 1005 2153; x_wconf 86' lang='lat' dir='ltr'>a.</span> <span class='ocrx_word' id='word_1_102' title='bbox 1040 2088 1124 2153; x_wconf 81' lang='lat'>1818</span> <span class='ocrx_word' id='word_1_103' title='bbox 1155 2086 1310 2172; x_wconf 83' lang='lat' dir='ltr'>designo-</span> 
     </span>
     <span class='ocr_line' id='line_1_14' title="bbox 279 2186 1311 2290; baseline -0.003 -23"><span class='ocrx_word' id='word_1_104' title='bbox 279 2203 344 2281; x_wconf 81' lang='lat' dir='ltr'>vit,</span> <span class='ocrx_word' id='word_1_105' title='bbox 368 2224 574 2290; x_wconf 82' lang='lat' dir='ltr'>nequaquam</span> <span class='ocrx_word' id='word_1_106' title='bbox 591 2202 728 2269; x_wconf 92' lang='lat' dir='ltr'>dubium</span> <span class='ocrx_word' id='word_1_107' title='bbox 751 2212 799 2268; x_wconf 89' lang='lat' dir='ltr'>est</span> <span class='ocrx_word' id='word_1_108' title='bbox 814 2224 875 2269; x_wconf 93' lang='lat' dir='ltr'>cur</span> <span class='ocrx_word' id='word_1_109' title='bbox 893 2202 1026 2267; x_wconf 91' lang='lat' dir='ltr'>consilio</span> <span class='ocrx_word' id='word_1_110' title='bbox 1035 2186 1204 2267; x_wconf 83' lang='lat' dir='ltr'>destiterit.</span> <span class='ocrx_word' id='word_1_111' title='bbox 1228 2201 1311 2265; x_wconf 82' lang='lat' dir='ltr'>llam</span> 
     </span>
     <span class='ocr_line' id='line_1_15' title="bbox 280 2314 1312 2402; baseline -0.001 -23"><span class='ocrx_word' id='word_1_112' title='bbox 280 2326 409 2402; x_wconf 88' lang='lat' dir='ltr'>praeter</span> <span class='ocrx_word' id='word_1_113' title='bbox 440 2318 727 2396; x_wconf 85' lang='lat' dir='ltr'>commentorium,</span> <span class='ocrx_word' id='word_1_114' title='bbox 760 2318 858 2383; x_wconf 91' lang='lat' dir='ltr'>nullis</span> <span class='ocrx_word' id='word_1_115' title='bbox 894 2328 1063 2383; x_wconf 87' lang='lat' dir='ltr'>oneratum</span> <span class='ocrx_word' id='word_1_116' title='bbox 1095 2314 1312 2402; x_wconf 87' lang='lat' dir='ltr'>posteriorum</span> 
     </span>
     <span class='ocr_line' id='line_1_16' title="bbox 280 2429 1312 2518; baseline -0.003 -22"><span class='ocrx_word' id='word_1_117' title='bbox 280 2430 496 2517; x_wconf 88' lang='lat' dir='ltr'>scriptorum,</span> <span class='ocrx_word' id='word_1_118' title='bbox 521 2452 561 2495; x_wconf 91' lang='lat' dir='ltr'>ne</span> <span class='ocrx_word' id='word_1_119' title='bbox 577 2430 737 2498; x_wconf 82' lang='lat' dir='ltr'>Ciceronis</span> <span class='ocrx_word' id='word_1_120' title='bbox 757 2430 907 2518; x_wconf 90' lang='lat' dir='ltr'>quidem,</span> <span class='ocrx_word' id='word_1_121' title='bbox 931 2430 1140 2509; x_wconf 85' lang='lat' dir='ltr'>testimoniis,</span> <span class='ocrx_word' id='word_1_122' title='bbox 1164 2429 1312 2516; x_wconf 89' lang='lat' dir='ltr'>pbiloso-</span> 
     </span>
     <span class='ocr_line' id='line_1_17' title="bbox 280 2544 1313 2634; baseline -0.003 -23"><span class='ocrx_word' id='word_1_123' title='bbox 280 2545 449 2634; x_wconf 89' lang='lat' dir='ltr'>phumque</span> <span class='ocrx_word' id='word_1_124' title='bbox 477 2569 515 2613; x_wconf 87' lang='lat' dir='ltr'>ex</span> <span class='ocrx_word' id='word_1_125' title='bbox 542 2546 779 2633; x_wconf 76' lang='lat' dir='ltr'>antiquioribus</span> <span class='ocrx_word' id='word_1_126' title='bbox 809 2557 841 2611; x_wconf 91' lang='lat' dir='ltr'>et</span> <span class='ocrx_word' id='word_1_127' title='bbox 863 2547 897 2610; x_wconf 92' lang='lat' dir='ltr'>iu</span> <span class='ocrx_word' id='word_1_128' title='bbox 919 2547 1028 2632; x_wconf 92' lang='lat' dir='ltr'>primis</span> <span class='ocrx_word' id='word_1_129' title='bbox 1047 2567 1085 2611; x_wconf 83' lang='lat' dir='ltr'>ex</span> <span class='ocrx_word' id='word_1_130' title='bbox 1107 2567 1141 2609; x_wconf 88' lang='lat' dir='ltr'>se</span> <span class='ocrx_word' id='word_1_131' title='bbox 1171 2546 1241 2631; x_wconf 92' lang='lat' dir='ltr'>ipso</span> <span class='ocrx_word' id='word_1_132' title='bbox 1270 2544 1313 2608; x_wconf 90' lang='lat' dir='ltr'>il-</span> 
     </span>
     <span class='ocr_line' id='line_1_18' title="bbox 279 2637 1331 2747; baseline 0.001 -24"><span class='ocrx_word' id='word_1_133' title='bbox 279 2659 484 2740; x_wconf 79' lang='lat' dir='ltr'>lustrantem,</span> <span class='ocrx_word' id='word_1_134' title='bbox 504 2660 770 2747; x_wconf 88' lang='lat' dir='ltr'>que-Platonicae</span> <span class='ocrx_word' id='word_1_135' title='bbox 787 2661 918 2727; x_wconf 87' lang='lat' dir='ltr'>rationis</span> <span class='ocrx_word' id='word_1_136' title='bbox 929 2672 962 2727; x_wconf 88' lang='lat' dir='ltr'>et</span> <span class='ocrx_word' id='word_1_137' title='bbox 972 2637 1122 2726; x_wconf 74' lang='lat' dir='ltr'>orationis</span> <span class='ocrx_word' id='word_1_138' title='bbox 1132 2657 1237 2725; x_wconf 83' lang='lat' dir='ltr'>aditus</span> <span class='ocrx_word' id='word_1_139' title='bbox 1252 2680 1311 2746; x_wconf 82' lang='lat' dir='ltr'>ps·</span> <span class='ocrx_word' id='word_1_140' title='bbox 1328 2712 1331 2717; x_wconf 74' lang='grc'><em>,</em></span> 
     </span>
     <span class='ocr_line' id='line_1_19' title="bbox 254 2766 1312 2862; baseline 0.001 -25"><span class='ocrx_word' id='word_1_141' title='bbox 254 2766 424 2852; x_wconf 73' lang='lat' dir='ltr'>tederet,</span> <span class='ocrx_word' id='word_1_142' title='bbox 461 2773 524 2838; x_wconf 84' lang='lat' dir='ltr'>alia</span> <span class='ocrx_word' id='word_1_143' title='bbox 557 2774 659 2839; x_wconf 87' lang='lat' dir='ltr'>multa</span> <span class='ocrx_word' id='word_1_144' title='bbox 683 2777 790 2840; x_wconf 86' lang='lat' dir='ltr'>animo</span> <span class='ocrx_word' id='word_1_145' title='bbox 822 2777 981 2862; x_wconf 82' lang='lat' dir='ltr'>agitnbst3</span> <span class='ocrx_word' id='word_1_146' title='bbox 1023 2787 1155 2862; x_wconf 78' lang='lat' dir='ltr'>tamquo</span> <span class='ocrx_word' id='word_1_147' title='bbox 1183 2775 1312 2860; x_wconf 90' lang='lat' dir='ltr'>amplae</span> 
     </span>
     <span class='ocr_line' id='line_1_20' title="bbox 280 2885 1312 2975; baseline 0.003 -25"><span class='ocrx_word' id='word_1_148' title='bbox 280 2885 504 2972; x_wconf 81' lang='lat' dir='ltr'>disputationis</span> <span class='ocrx_word' id='word_1_149' title='bbox 521 2899 710 2973; x_wconf 85' lang='lat' dir='ltr'>argumenta</span> <span class='ocrx_word' id='word_1_150' title='bbox 729 2890 906 2975; x_wconf 80' lang='lat' dir='ltr'>attingere,</span> <span class='ocrx_word' id='word_1_151' title='bbox 932 2891 977 2954; x_wconf 88' lang='lat' dir='ltr'>ita</span> <span class='ocrx_word' id='word_1_152' title='bbox 993 2889 1035 2954; x_wconf 91' lang='lat' dir='ltr'>de</span> <span class='ocrx_word' id='word_1_153' title='bbox 1051 2888 1148 2973; x_wconf 83' lang='lat' dir='ltr'>hujus</span> <span class='ocrx_word' id='word_1_154' title='bbox 1165 2887 1312 2973; x_wconf 90' lang='lat' dir='ltr'>pbiloso-</span> 
     </span>
     <span class='ocr_line' id='line_1_21' title="bbox 280 2999 1312 3089; baseline 0.003 -24"><span class='ocrx_word' id='word_1_155' title='bbox 280 2999 374 3087; x_wconf 91' lang='lat' dir='ltr'>phiae</span> <span class='ocrx_word' id='word_1_156' title='bbox 388 2999 489 3064; x_wconf 79' lang='lat' dir='ltr'>forma</span> <span class='ocrx_word' id='word_1_157' title='bbox 510 2999 666 3089; x_wconf 75' lang='lat' dir='ltr'>disserere</span> <span class='ocrx_word' id='word_1_158' title='bbox 686 3012 718 3067; x_wconf 90' lang='lat' dir='ltr'>et</span> <span class='ocrx_word' id='word_1_159' title='bbox 743 3004 872 3068; x_wconf 89' lang='lat' dir='ltr'>omnino</span> <span class='ocrx_word' id='word_1_160' title='bbox 900 3003 1106 3082; x_wconf 79' lang='lat' dir='ltr'>induceroin</span> <span class='ocrx_word' id='word_1_161' title='bbox 1127 3005 1230 3089; x_wconf 85' lang='lat' dir='ltr'>ipsam</span> <span class='ocrx_word' id='word_1_162' title='bbox 1249 3002 1312 3068; x_wconf 88' lang='lat' dir='ltr'>bac</span> 
     </span>
    </p>
   </div>
   <div class='ocr_carea' id='block_1_4' title="bbox 83 3095 1314 3204">
    <p class='ocr_par' dir='ltr' id='par_1_4' title="bbox 83 3095 1314 3204">
     <span class='ocr_line' id='line_1_22' title="bbox 83 3095 1314 3204; baseline 0.004 -27"><span class='ocrx_word' id='word_1_163' title='bbox 83 3095 91 3106; x_wconf 52' lang='lat'>⁸</span> <span class='ocrx_word' id='word_1_164' title='bbox 174 3125 176 3134; x_wconf 90' lang='grc'><strong>’</strong></span> <span class='ocrx_word' id='word_1_165' title='bbox 281 3113 520 3200; x_wconf 82' lang='lat' dir='ltr'>opportunitate</span> <span class='ocrx_word' id='word_1_166' title='bbox 538 3113 674 3179; x_wconf 90' lang='lat' dir='ltr'>lectores</span> <span class='ocrx_word' id='word_1_167' title='bbox 695 3116 844 3196; x_wconf 82' lang='lat' dir='ltr'>volebat,</span> <span class='ocrx_word' id='word_1_168' title='bbox 879 3129 916 3183; x_wconf 92' lang='lat' dir='ltr'>ut</span> <span class='ocrx_word' id='word_1_169' title='bbox 942 3140 1007 3183; x_wconf 91' lang='lat' dir='ltr'>non</span> <span class='ocrx_word' id='word_1_170' title='bbox 1025 3129 1131 3204; x_wconf 89' lang='lat' dir='ltr'>posset</span> <span class='ocrx_word' id='word_1_171' title='bbox 1151 3139 1216 3182; x_wconf 92' lang='lat' dir='ltr'>non</span> <span class='ocrx_word' id='word_1_172' title='bbox 1232 3139 1314 3203; x_wconf 89' lang='lat' dir='ltr'>per-</span> 
     </span>
    </p>
   </div>
   <div class='ocr_carea' id='block_1_5' title="bbox 280 3229 1316 3548">
    <p class='ocr_par' dir='ltr' id='par_1_5' title="bbox 280 3229 1316 3548">
     <span class='ocr_line' id='line_1_23' title="bbox 281 3229 1314 3319; baseline 0.003 -28"><span class='ocrx_word' id='word_1_173' title='bbox 281 3229 423 3314; x_wconf 88' lang='lat' dir='ltr'>spicere,</span> <span class='ocrx_word' id='word_1_174' title='bbox 448 3248 481 3292; x_wconf 89' lang='lat' dir='ltr'>se</span> <span class='ocrx_word' id='word_1_175' title='bbox 505 3230 659 3314; x_wconf 87' lang='lat' dir='ltr'>ampliora</span> <span class='ocrx_word' id='word_1_176' title='bbox 680 3241 826 3316; x_wconf 84' lang='lat' dir='ltr'>spectaro</span> <span class='ocrx_word' id='word_1_177' title='bbox 847 3253 944 3318; x_wconf 85' lang='lat' dir='ltr'>quam</span> <span class='ocrx_word' id='word_1_178' title='bbox 966 3251 1050 3319; x_wconf 88' lang='lat' dir='ltr'>quae</span> <span class='ocrx_word' id='word_1_179' title='bbox 1072 3231 1216 3318; x_wconf 79' lang='lat' dir='ltr'>angustis</span> <span class='ocrx_word' id='word_1_180' title='bbox 1242 3230 1314 3295; x_wconf 89' lang='lat' dir='ltr'>edi·</span> 
     </span>
     <span class='ocr_line' id='line_1_24' title="bbox 281 3341 1316 3432; baseline 0.002 -26"><span class='ocrx_word' id='word_1_181' title='bbox 281 3343 375 3407; x_wconf 90' lang='lat' dir='ltr'>tionis</span> <span class='ocrx_word' id='word_1_182' title='bbox 390 3341 508 3409; x_wconf 87' lang='lat' dir='ltr'>tinibus</span> <span class='ocrx_word' id='word_1_183' title='bbox 537 3344 791 3411; x_wconf 77' lang='lat' dir='ltr'>continerentur.</span> <span class='ocrx_word' id='word_1_184' title='bbox 838 3345 971 3412; x_wconf 84' lang='lat' dir='ltr'>Scilicet</span> <span class='ocrx_word' id='word_1_185' title='bbox 996 3345 1085 3411; x_wconf 83' lang='lat' dir='ltr'>aliud</span> <span class='ocrx_word' id='word_1_186' title='bbox 1106 3367 1224 3432; x_wconf 82' lang='lat' dir='ltr'>agens,</span> <span class='ocrx_word' id='word_1_187' title='bbox 1248 3345 1316 3409; x_wconf 89' lang='lat' dir='ltr'>ele-</span> 
     </span>
     <span class='ocr_line' id='line_1_25' title="bbox 280 3454 1312 3548; baseline 0.009 -31"><span class='ocrx_word' id='word_1_188' title='bbox 280 3467 388 3519; x_wconf 88' lang='lat' dir='ltr'>menta</span> <span class='ocrx_word' id='word_1_189' title='bbox 404 3454 614 3522; x_wconf 84' lang='lat' dir='ltr'>adumbrabat</span> <span class='ocrx_word' id='word_1_190' title='bbox 633 3456 1078 3548; x_wconf 74' lang='lat' dir='ltr'>Issits&#39;orumpls&#39;losoplts&#39;os</span> <span class='ocrx_word' id='word_1_191' title='bbox 1095 3459 1312 3527; x_wconf 73' lang='lat' dir='ltr'>Platonicos.</span> 
     </span>
    </p>
   </div>
   <div class='ocr_carea' id='block_1_6' title="bbox 325 3569 1431 3662">
    <p class='ocr_par' dir='ltr' id='par_1_6' title="bbox 325 3569 1431 3662">
     <span class='ocr_line' id='line_1_26' title="bbox 325 3569 1431 3662; baseline 0.005 -30"><span class='ocrx_word' id='word_1_192' title='bbox 325 3569 512 3655; x_wconf 79' lang='lat' dir='ltr'>Magnorum</span> <span class='ocrx_word' id='word_1_193' title='bbox 544 3572 684 3636; x_wconf 85' lang='lat' dir='ltr'>virorum</span> <span class='ocrx_word' id='word_1_194' title='bbox 714 3575 749 3637; x_wconf 93' lang='lat' dir='ltr'>in</span> <span class='ocrx_word' id='word_1_195' title='bbox 776 3574 841 3638; x_wconf 92' lang='lat' dir='ltr'>suis</span> <span class='ocrx_word' id='word_1_196' title='bbox 858 3573 972 3640; x_wconf 90' lang='lat' dir='ltr'>studiis</span> <span class='ocrx_word' id='word_1_197' title='bbox 990 3595 1177 3662; x_wconf 82' lang='lat' dir='ltr'>progressus</span> <span class='ocrx_word' id='word_1_198' title='bbox 1196 3595 1315 3659; x_wconf 86' lang='lat' dir='ltr'>perse·</span> <span class='ocrx_word' id='word_1_199' title='bbox 1430 3574 1431 3581; x_wconf 64' lang='lat'><em>&#39;</em></span> 
     </span>
    </p>
   </div>
   <div class='ocr_carea' id='block_1_7' title="bbox 282 3683 1313 3774">
    <p class='ocr_par' dir='ltr' id='par_1_7' title="bbox 282 3683 1313 3774">
     <span class='ocr_line' id='line_1_27' title="bbox 282 3683 1313 3774; baseline 0.006 -28"><span class='ocrx_word' id='word_1_200' title='bbox 282 3683 339 3769; x_wconf 90' lang='lat' dir='ltr'>qui</span> <span class='ocrx_word' id='word_1_201' title='bbox 356 3705 498 3748; x_wconf 86' lang='lat' dir='ltr'>summae</span> <span class='ocrx_word' id='word_1_202' title='bbox 515 3695 583 3750; x_wconf 89' lang='lat' dir='ltr'>tum</span> <span class='ocrx_word' id='word_1_203' title='bbox 600 3687 773 3772; x_wconf 79' lang='lat' dir='ltr'>voluptatis</span> <span class='ocrx_word' id='word_1_204' title='bbox 787 3701 835 3753; x_wconf 91' lang='lat' dir='ltr'>est</span> <span class='ocrx_word' id='word_1_205' title='bbox 848 3700 920 3753; x_wconf 89' lang='lat' dir='ltr'>tum</span> <span class='ocrx_word' id='word_1_206' title='bbox 936 3689 1094 3755; x_wconf 87' lang='lat' dir='ltr'>utilitatis.</span> <span class='ocrx_word' id='word_1_207' title='bbox 1128 3688 1186 3753; x_wconf 89' lang='lat' dir='ltr'>Sui</span> <span class='ocrx_word' id='word_1_208' title='bbox 1206 3709 1313 3774; x_wconf 90' lang='lat' dir='ltr'>quan-</span> 
     </span>
    </p>
   </div>
   <div class='ocr_carea' id='block_1_8' title="bbox 282 3794 1430 3887">
    <p class='ocr_par' dir='ltr' id='par_1_8' title="bbox 282 3794 1430 3887">
     <span class='ocr_line' id='line_1_28' title="bbox 282 3794 1430 3887; baseline 0.005 -27"><span class='ocrx_word' id='word_1_209' title='bbox 282 3794 325 3862; x_wconf 94' lang='lat' dir='ltr'>do</span> <span class='ocrx_word' id='word_1_210' title='bbox 357 3819 421 3862; x_wconf 93' lang='lat' dir='ltr'>non</span> <span class='ocrx_word' id='word_1_211' title='bbox 449 3810 524 3863; x_wconf 90' lang='lat' dir='ltr'>sunt</span> <span class='ocrx_word' id='word_1_212' title='bbox 553 3799 678 3887; x_wconf 85' lang='lat' dir='ltr'>ignari,</span> <span class='ocrx_word' id='word_1_213' title='bbox 712 3823 823 3868; x_wconf 90' lang='lat' dir='ltr'>carere</span> <span class='ocrx_word' id='word_1_214' title='bbox 842 3825 896 3868; x_wconf 88' lang='lat' dir='ltr'>eos</span> <span class='ocrx_word' id='word_1_215' title='bbox 918 3804 1080 3869; x_wconf 87' lang='lat' dir='ltr'>cernimus</span> <span class='ocrx_word' id='word_1_216' title='bbox 1103 3802 1234 3881; x_wconf 77' lang='lat' dir='ltr'>levitate</span> <span class='ocrx_word' id='word_1_217' title='bbox 1252 3824 1316 3887; x_wconf 88' lang='lat' dir='ltr'>pn·</span> <span class='ocrx_word' id='word_1_218' title='bbox 1429 3828 1430 3839; x_wconf 53' lang='lat'>¹</span> 
     </span>
    </p>
   </div>
   <div class='ocr_carea' id='block_1_9' title="bbox 282 3886 1430 4003">
    <p class='ocr_par' dir='ltr' id='par_1_9' title="bbox 282 3886 1430 4003">
     <span class='ocr_line' id='line_1_29' title="bbox 282 3886 1430 4003; baseline 0.004 -29"><span class='ocrx_word' id='word_1_219' title='bbox 282 3911 435 3992; x_wconf 75' lang='lat' dir='ltr'>tandum,</span> <span class='ocrx_word' id='word_1_220' title='bbox 457 3914 561 3978; x_wconf 88' lang='lat' dir='ltr'>omnia</span> <span class='ocrx_word' id='word_1_221' title='bbox 583 3935 616 3978; x_wconf 90' lang='lat' dir='ltr'>se</span> <span class='ocrx_word' id='word_1_222' title='bbox 641 3937 733 4000; x_wconf 89' lang='lat' dir='ltr'>posse</span> <span class='ocrx_word' id='word_1_223' title='bbox 760 3936 845 4003; x_wconf 90' lang='lat' dir='ltr'>quae</span> <span class='ocrx_word' id='word_1_224' title='bbox 872 3918 989 3983; x_wconf 81' lang='lat' dir='ltr'>velint:</span> <span class='ocrx_word' id='word_1_225' title='bbox 1021 3929 1133 3982; x_wconf 88' lang='lat' dir='ltr'>contra</span> <span class='ocrx_word' id='word_1_226' title='bbox 1159 3915 1217 3980; x_wconf 93' lang='lat' dir='ltr'>ubi</span> <span class='ocrx_word' id='word_1_227' title='bbox 1246 3915 1307 3980; x_wconf 89' lang='lat' dir='ltr'>bos</span> <span class='ocrx_word' id='word_1_228' title='bbox 1429 3886 1430 3909; x_wconf 37' lang='lat'><em>³</em></span> 
     </span>
    </p>
   </div>
   <div class='ocr_carea' id='block_1_10' title="bbox 287 4127 487 4144">
    <p class='ocr_par' dir='ltr' id='par_1_10' title="bbox 287 4127 487 4144">
     <span class='ocr_line' id='line_1_30' title="bbox 287 4127 487 4144; baseline 0.005 -1"><span class='ocrx_word' id='word_1_229' title='bbox 287 4127 487 4144; x_wconf 47' lang='grc' dir='ltr'>ξ“-·ἰ--------</span> 
     </span>
    </p>
   </div>
   <div class='ocr_carea' id='block_1_11' title="bbox 318 4273 619 4347">
    <p class='ocr_par' dir='ltr' id='par_1_11' title="bbox 318 4273 619 4347">
     <span class='ocr_line' id='line_1_31' title="bbox 318 4273 619 4347; baseline 0.027 -23"><span class='ocrx_word' id='word_1_230' title='bbox 318 4273 344 4340; x_wconf 87' lang='grc'>1)</span> <span class='ocrx_word' id='word_1_231' title='bbox 362 4277 420 4328; x_wconf 88' lang='lat' dir='ltr'>Vid.</span> <span class='ocrx_word' id='word_1_232' title='bbox 439 4295 515 4345; x_wconf 85' lang='lat' dir='ltr'>supra</span> <span class='ocrx_word' id='word_1_233' title='bbox 535 4299 559 4347; x_wconf 93' lang='lat' dir='ltr'>p.</span> <span class='ocrx_word' id='word_1_234' title='bbox 577 4281 619 4332; x_wconf 81' lang='lat'>³5.</span> 
     </span>
    </p>
   </div>
   <div class='ocr_carea' id='block_1_12' title="bbox 0 0 1451 5075">
    <p class='ocr_par' dir='ltr' id='par_1_12' title="bbox 0 0 1451 5075">
     <span class='ocr_line' id='line_1_32' title="bbox 0 0 1451 5075; baseline 0 0"><span class='ocrx_word' id='word_1_235' title='bbox 0 0 1451 5075; x_wconf 95' lang='lat' dir='ltr'> </span> 
     </span>
    </p>
   </div>
  </div>
 </body>
</html>
