2875 5075
748 523 811 586 126

275 697 390 783 religio
406 707 438 761 et
456 695 614 761 lleusdius
632 696 776 761 omnium
792 696 928 759 maximo
945 696 1116 781 spectavit,
1128 714 1230 779 quum
1243 714 1295 757 ve-

268 811 409 875 sissimus
421 809 570 897 religioni
581 808 774 895 perhibebat
785 810 980 875 verissimam
990 806 1224 895 philosophiam
1235 829 1298 871 non

268 945 360 1009 posse
379 945 444 989 non
455 935 524 988 tum
541 925 711 989 convenire
728 934 798 988 tum
813 924 922 988 lucem
937 922 1111 988 effundere.
1119 921 1144 1008 1)
1165 921 1299 987 Scilicet

268 1059 352 1125 quae
362 1038 448 1125 apud
467 1038 632 1105 Platonem
643 1038 906 1125 diligentissimae
918 1050 993 1103 sunt
1007 1036 1232 1123 humanaeque
1243 1058 1298 1101 na·

269 1164 362 1219 turae
373 1174 501 1239 prorsus
514 1164 730 1241 congruentes
740 1151 928 1218 dehominis
938 1151 978 1217 ad
990 1154 1155 1218 teutatem
1165 1171 1298 1217 eonver-

267 1266 358 1332 sione
378 1265 635 1354 disquisitiones,
660 1266 716 1333 bas
735 1266 792 1331 ubi
807 1268 849 1332 ab
866 1267 1003 1333 aliorum
1017 1265 1295 1353 pbilosophorum,

270 1381 311 1447 ab
327 1382 559 1449 llemsterhusii
569 1381 667 1463 adeo,
687 1382 816 1469 placitis
830 1383 891 1447 rite
907 1381 1299 1475 secreveratponitusquo

271 1509 495 1584 perspexerat;
520 1508 589 1562 tum
607 1497 727 1563 certius
744 1496 821 1562 indo
841 1498 875 1561 in
896 1496 1060 1584 roligionis
1079 1495 1222 1560 indolem
1239 1516 1296 1580 pe-

270 1613 426 1692 netrarit,
449 1610 612 1677 bominem
631 1634 695 1677 nou
714 1610 756 1677 ad
774 1612 925 1677 virtutem
940 1611 1116 1697 praecipuo
1133 1630 1242 1696 neque
1257 1606 1299 1675 ad

270 1727 590 1807 vitae-sanctitatem,
614 1725 671 1791 sed
686 1724 728 1792 ad
748 1727 912 1791 teutatem
932 1724 1091 1793 ducentis.
1103 1722 1130 1811 ²)
1193 1711 1195 1716 ¹

312 1842 351 1905 ltt
366 1842 413 1906 sio
435 1840 568 1927 quidem
584 1842 761 1927 praecipua
774 1841 868 1927 attigi
890 1851 1071 1919 momenta,
1094 1859 1180 1926 quae
1195 1838 1299 1903 Heus·

268 1954 359 2021 dium
382 1956 508 2020 Platoni
530 1976 733 2043 summopere
759 1954 947 2021 conciliasse
970 1953 1119 2022 arbitror.
1161 1952 1298 2038 Insignis

269 2070 359 2135 iniis
378 2070 521 2136 cernitur
547 2069 760 2160 progressio.
784 2068 813 2134 Δ
832 2068 975 2155 poetica
987 2067 1126 2134 Platonis
1145 2065 1300 2131 facultate

270 2184 489 2271 orationisque
512 2182 661 2250 laudibus
685 2182 858 2271 diligendis
879 2205 989 2265 orsus,
1012 2183 1160 2270 graniers
1183 2179 1300 2244 identi-

271 2297 344 2363 dem
365 2299 400 2361 in
419 2321 458 2364 eo
472 2284 609 2386 diligere
629 2300 756 2384 coepit,
777 2321 925 2387 quaeque
942 2299 1080 2365 bominis
1101 2315 1298 2383 cognoscen-

270 2412 304 2478 di
326 2413 506 2479 studiosum
535 2434 600 2478 non
632 2423 758 2479 tautum
788 2413 823 2477 in
854 2413 939 2477 riam
961 2411 1118 2478 ducerent
1148 2420 1299 2476 accurato

270 2528 475 2616 explorandi,
507 2526 563 2594 sed
590 2528 686 2594 etiam
712 2526 861 2609 videndi,
885 2550 951 2616 qua
975 2527 1070 2593 illum
1093 2525 1219 2591 ratione
1249 2524 1300 2590 in·

269 2645 378 2724 stitui,
410 2644 531 2724 excoli,
564 2643 746 2723 emendari,
778 2642 903 2709 dirime
932 2643 1061 2708 omnino
1090 2639 1301 2729 perfeetionis

270 2770 429 2824 amantem
447 2758 538 2824 reddi
557 2769 712 2844 oporteat.
747 2757 842 2840 Quod
855 2770 962 2824 tamen
978 2757 1102 2823 nonita
1117 2756 1300 2841 accipiatur

270 2873 386 2953 selim,
409 2894 448 2968 ac
467 2873 514 2952 si,
540 2893 623 2958 quae
642 2872 732 2959 prius
756 2872 953 2959 singularem
979 2873 1011 2937 ei
1030 2870 1216 2958 philosophi
1242 2867 1300 2934 ad·

271 2989 470 3054 mirationem
490 2996 672 3066 moverant,
691 2985 773 3052 haec
790 2998 901 3072 postea
920 2987 1011 3052 nullo
1030 2985 1117 3074 apud
1138 3007 1215 3052 eum
1231 2984 1297 3048 exi-

271 3125 376 3190 guore
397 3103 469 3170 loeo
493 3102 590 3168 fuisse
614 3112 735 3188 putem.
776 3102 894 3169 Contra
912 3113 1029 3170 statuo.
1068 3101 1207 3167 Cunctas
1226 3099 1300 3164 Pla·

271 3219 353 3284 tonis
373 3219 525 3298 virtutos,
557 3217 682 3304 poetica
702 3217 760 3283 illa
784 3217 936 3283 facultate
961 3213 1300 3296 nitentes,tteusdius

271 3355 330 3420 pro
338 3334 455 3398 eximio
466 3333 572 3419 pulcri
581 3353 688 3398 amore
699 3333 806 3397 acrius
816 3343 976 3412 senserat,
989 3351 1087 3418 quam
1097 3341 1134 3395 ut
1143 3339 1301 3416 umquam

271 3449 360 3532 parri
377 3447 518 3526 faceret,
542 3445 599 3511 sed
615 3469 788 3512 summam
804 3467 914 3512 aarum
931 3445 1175 3511 admirationem
1191 3457 1300 3531 poste·

271 3561 355 3626 riora
370 3559 475 3626 studia
496 3559 662 3646 magisque
677 3559 846 3625 subactum
861 3560 1028 3646 ingenium
1045 3571 1077 3624 et
1091 3581 1179 3624 mous
1196 3557 1301 3653 delira

269 3675 303 3740 in
322 3673 513 3761 gravissimis
530 3672 713 3761 quibusque
732 3673 981 3760 cogitationibus
995 3675 1061 3738 sire
1079 3683 1301 3759 temperarunt

270 3789 336 3852 sire
366 3788 634 3875 praeclarioribus
667 3800 846 3853 nexuerunt
875 3788 1059 3854 Platonicae
1089 3787 1300 3854 excellentiae

271 4011 476 4021 m

305 4181 332 4246 1)
350 4183 412 4234 Inte.
428 4185 494 4249 psit.
508 4185 578 4234 Plot.
593 4184 632 4246 ll,
649 4181 685 4248 3,
703 4181 762 4232 116.

305 4267 331 4334 2)
349 4269 410 4318 End.
430 4285 455 4334 p.
474 4267 525 4320 1³⁴
542 4285 596 4334 sqq.
