2875 5075
760 516 826 579 210

282 692 410 777 scripta.
455 685 542 755 lliec
568 700 675 755 autem
709 689 814 753 virum
845 687 989 754 referunt
1020 688 1054 752 in
1088 687 1303 775 antiquitatis,

278 806 416 871 Socratis
434 805 570 869 maxime
590 814 689 889 atque
709 803 871 881 Platonis,
895 802 1003 867 ecbola
1027 791 1207 880 eruditum,
1229 802 1305 866 huic

278 920 416 984 multum
444 940 477 983 se
507 917 625 982 debere
653 915 873 982 ostendentem
902 928 935 981 et
965 916 1041 980 hinc
1070 915 1202 981 demum
1233 936 1306 999 pro·

279 1055 423 1119 gressum
447 1030 489 1097 orl
508 1032 723 1097 recentiorum
742 1041 928 1115 temporum
947 1031 1067 1117 optima
1084 1030 1191 1115 potius
1210 1050 1307 1115 quam

281 1147 447 1211 novissima
481 1166 631 1232 quaeque
662 1156 814 1211 accurate
847 1143 1076 1213 consideranda
1107 1164 1248 1229 suosque
1274 1143 1308 1206 in

279 1282 356 1327 usus
390 1260 623 1337 convertenda,
642 1281 710 1324 non
741 1259 842 1345 igitur
869 1260 1127 1346 acquiescentem
1148 1259 1182 1320 in
1213 1256 1307 1322 docta

279 1374 480 1462 singulorum
505 1374 733 1460 explicatione,
758 1372 813 1438 sed
832 1371 1108 1439 vehementissime
1128 1382 1308 1457 optantem,

280 1502 318 1554 ut
343 1512 360 1553 e
383 1488 512 1554 scholae
539 1489 694 1576 angustiis
715 1489 817 1575 magis
837 1488 1004 1576 magisque
1029 1486 1166 1573 prodeat
1191 1498 1225 1550 ot
1250 1506 1310 1572 ge-
1362 1524 1366 1529 -

280 1604 350 1667 neri
374 1589 514 1669 bumano
540 1604 641 1690 prosit
667 1601 887 1690 philosophia,
910 1602 1010 1689 idque
1034 1601 1179 1689 proiecto
1207 1606 1310 1686 agen-³

173 1725 176 1731 '
279 1728 362 1796 tem,
400 1728 434 1782 ut
464 1717 590 1802 scriptis
622 1718 685 1783 suis
711 1716 790 1781 alios
819 1717 937 1781 excitet
967 1716 1008 1780 ad
1037 1710 1306 1802 cogitanduml),

278 1832 439 1895 imovero
465 1830 506 1895 ad
530 1830 848 1917 introspicieudoset
872 1828 1084 1915 perficiendoo
1105 1839 1205 1893 semet
1222 1828 1308 1913 ipsos

279 1956 312 2008 et
330 1942 522 2009 verissimam
542 1944 700 2009 societatis
720 1944 857 2008 salutem
876 1943 1124 2029 provehendam.
1155 1942 1223 2007 Sui
1239 1964 1308 2007 om·

278 2058 353 2123 nino
369 2057 547 2137 Heusdins,
567 2058 662 2123 sicuti
684 2058 854 2144 perspicue
882 2058 1005 2144 patuit,
1032 2058 1066 2122 in
1088 2056 1136 2124 his
1160 2057 1308 2121 omnibus

278 2184 419 2237 versatus
441 2184 489 2237 est
515 2174 658 2253 ratione,
690 2175 836 2259 oppositi
862 2172 1024 2238 interdum
1054 2172 1102 2253 ei,
1134 2193 1233 2258 quam
1259 2191 1308 2234 se·

164 2328 168 2339 ·
279 2288 336 2372 qui
371 2287 659 2365 multos'constat,
693 2308 800 2373 oeque
830 2298 936 2352 tamen
963 2307 1090 2373 semper
1118 2286 1219 2365 nori,
1253 2283 1308 2350 sed

280 2420 318 2464 ex
353 2401 392 2465 iis
430 2421 669 2485 nonnumquam
701 2399 834 2481 hausti,
873 2422 957 2499 quae
993 2400 1043 2466 rel
1079 2400 1195 2465 tradita
1232 2398 1306 2464 olim

281 2513 331 2578 rel
358 2513 519 2595 indicata,
545 2514 693 2610 neglecta
718 2526 792 2600 post
818 2514 1023 2583 Aristotelem
1044 2516 1144 2582 fuisse
1165 2513 1307 2580 dolebat

280 2627 393 2710 Quid?
416 2629 523 2716 quod,
548 2629 655 2714 prouti
675 2639 706 2692 et
730 2651 787 2694 nos
809 2630 935 2715 saepius
959 2629 1094 2698 rirlimus
1116 2640 1148 2693 et
1170 2629 1246 2694 satis
1268 2626 1308 2692 ad

281 2763 354 2806 eum
375 2744 434 2810 rite
460 2742 704 2826 dijudicandum
733 2743 942 2809 animadverti
968 2765 1033 2811 nou
1051 2754 1156 2829 potest
1184 2743 1308 2828 etipse

281 2855 362 2920 adeo
387 2856 486 2921 fassus
516 2853 620 2942 esta),
645 2879 685 2920 ne
714 2849 922 2943 philosophus
943 2858 1075 2945 quidem
1093 2858 1250 2924 vocabulo
1265 2856 1306 2922 ad

280 2970 445 3057 vulgarem
456 2991 583 3035 sonsum
600 2982 711 3036 exacto
728 2971 801 3036 luit.
825 2973 864 3036 In
882 2973 1080 3038 memorabili
1098 2970 1254 3038 sententia
1266 2969 1307 3034 de

281 3083 482 3171 philosophia
501 3106 670 3170 perperam
682 3083 852 3171 disciplina
866 3086 978 3152 baberi
994 3089 1088 3153 solita
1102 3087 1144 3152 atl
1159 3087 1306 3152 ultimum

282 3200 365 3264 ritae
385 3211 510 3285 tempus
531 3197 795 3286 perseverares).
828 3193 920 3282 Quae
945 3223 1021 3266 sane
1036 3200 1307 3288 perpendentibus

282 3315 543 3399 superioremque
560 3311 802 3380 recordantibus
820 3313 1068 3400 disputationem
1083 3317 1307 3401 perspicuum,

284 3426 445 3514 quomodo
470 3426 595 3512 scriptis
615 3426 684 3510 ejus
709 3427 970 3508 continerentur,
993 3430 1111 3515 quibus
1137 3429 1193 3494 alii
1222 3426 1310 3493 baud
1387 3490 1390 3496 .

283 3539 518 3605 assentiendum
540 3538 602 3604 sibi
625 3541 796 3625 putabunt3
822 3563 961 3628 quorum
986 3543 1119 3630 quidem
1138 3541 1310 3609 Clarissimi

285 3654 449 3718 duumviri
473 3652 519 3717 lle
540 3653 668 3718 Greuve
694 3667 727 3720 et
748 3656 974 3722 Nieuwenhuis
1003 3679 1074 3724 suas
1102 3653 1309 3722 dissentiendi

284 3885 489 3897 -—-——-

321 4065 347 4132 l)
365 4067 394 4116 ld
409 4067 463 4132 ipsc
477 4068 549 4120 vidit.
566 4069 602 4118 (ll.
618 4069 716 4117 Soorot.
736 4069 829 4117 Sclsool
841 4070 891 4131 IV,
910 4067 970 4118 180.

321 4149 348 4216 2)
365 4152 423 4203 vio.
438 4168 462 4202 r.
477 4169 500 4202 c.
518 4154 574 4203 eorl.
593 4170 618 4218 p.
636 4152 653 4202 8
667 4159 695 4203 et
710 4152 769 4204 tto.

321 4233 347 4298 3)
367 4237 458 4285 Sclsool
471 4253 521 4286 oon
539 4238 628 4303 Polyb.
644 4255 668 4303 p.
683 4237 707 4288 2.
