2875 5075
627 538 668 602 et

126 716 153 779 si
175 717 278 781 minus
307 711 484 778 Hensdium
500 711 615 790 Leidu,
638 718 672 775 et
689 709 817 775 Leidem
836 704 978 777 Heusdiu
995 712 1158 800 indigere,

126 831 155 893 si
174 832 345 917 pristinum
372 829 540 923 literarum
563 819 781 912 principatum
797 828 891 891 ‘tueri
916 827 1033 891 vellet:
1057 828 1157 893 histo*

127 946 198 1010 riae
220 955 366 1010 constare
382 956 457 1007 eum
476 941 641 1006 doctorem
667 954 737 1005 esse
762 942 931 1021 unicum,
948 944 1025 1029 qui,
1055 956 1179 1029 quum.
1283 948 1288 965 ¹

127 1069 178 1123 tot
206 1079 305 1123 snnos
332 1058 544 1144 Trojectinntn
568 1055 775 1122 Academiam
796 1056 918 1120 lumine
936 1078 994 1121 suo
1013 1042 1156 1139 beneset,

127 1191 236 1236 nonne
257 1172 441 1237 Leidensem
457 1171 525 1255 jam
546 1173 743 1257 respiceret,
768 1171 882 1235 simam
901 1182 990 1237 suem
1006 1174 1157 1240 matrem?

128 1288 252 1373 regiam
271 1287 470 1351 vocationem
488 1285 690 1351 confirmasse
704 1286 802 1350 totius
817 1285 938 1371 petrice
957 1288 1157 1366 sententiam,
1260 1280 1262 1285 ’

129 1411 173 1480 et,
194 1400 399 1487 quantumuis
418 1400 488 1484 ipse
503 1398 667 1480 incidisset
686 1400 744 1464 ille
762 1400 976 1479 nonorneri,
990 1399 1067 1482 jure
1087 1420 1156 1465 enm

132 1515 316 1599 Principem
334 1512 504 1578 et‘L'eidae'
519 1524 550 1579 et
568 1514 669 1578 literis
691 1524 724 1577 et
744 1527 802 1578 suu
821 1514 921 1600 ipsius
938 1513 1156 1597 judieieheud

130 1642 281 1715 negasse3
303 1626 339 1691 id
357 1629 441 1691 enim
462 1628 588 1692 cunctis
607 1626 719 1692 notum
740 1648 808 1691 esse
828 1639 1000 1713 opertere,
1032 1614 1159 1715 e'Rege

129 1740 306 1807 Hesiodium
318 1742 460 1826 judicari
478 1741 750 1829 dignissimum-
763 1736 885 1811 Verum
904 1743 999 1828 ptura
1019 1755 1084 1807 non
1104 1763 1160 1808 ex·

128 1858 266 1921 scribom
292 1856 334 1921 de
353 1854 486 1944 egregio
511 1856 718 1943 epistolarum
746 1855 923 1936 fasciculo,
958 1871 1038 1943 quos
1055 1866 1157 1944 quum

128 1970 274 2036 dubitem
289 1972 382 2051 iisne,
402 1973 460 2058 qui
479 1968 687 2056 scripserunt,
698 1990 739 2035 an
757 1972 787 2033 ci
799 2020 807 2051 ,
821 1972 879 2059 qui
898 1973 1043 2057 accepit,
1056 1965 1158 2036 henos

129 2083 341 2150 riticentiores
377 2085 504 2165 dicem,
547 2085 645 2167 hujus
681 2086 827 2172 cognatis
855 2101 907 2149 ees
937 2086 1050 2171 quovit
1078 2092 1158 2150 euro

129 2200 335 2284 pretiosiores
353 2198 462 2264 dicere
479 2219 543 2264 non
559 2198 684 2265 dubito.
708 2198 780 2264 Hoc
800 2208 907 2273 temen
920 2215 1020 2264 unum
1040 2199 1158 2265 addere

127 2312 222 2393 tibet,
236 2300 325 2400 quod
344 2312 432 2378 hand
449 2324 583 2399 portum
603 2312 687 2400 epod
703 2312 837 2378 Heusdii
854 2315 996 2378 enimam
1014 2331 1157 2379 memen-

127 2438 198 2491 tum
216 2427 346 2493 hebuit:
370 2429 534 2493 universos
552 2428 744 2493 Academiae
763 2427 924 2491 Leidensis
942 2428 1027 2491 eires
1049 2423 1157 2492 literas

124 2543 161 2605 in
185 2538 329 2606 eamdem
349 2543 538 2606 sententiam
551 2544 691 2626 ¹scriptas
711 2561 770 2625 per
789 2541 953 2625 delegatos
979 2558 1071 2619 suos,
1104 2562 1159 2606 ex·

125 2655 373 2722 cellentissimos
383 2655 417 2718 in
430 2670 487 2719 suu
498 2670 645 2741 quosque
655 2639 825 2739 discipline
832 2653 983 2737 juvenes,
1005 2655 1043 2719 sd
1054 2657 1158 2720 Heus*

125 2769 613 2855 diumperferendtscuretisse.
636 2769 953 2854 «Uniusprtesertim
971 2771 1017 2834 rei
1036 2769 1157 2857 cogite·

126 2884 215 2947 tione
227 2883 388 2949 scribendi
400 2881 547 2948 etdorem
558 2883 732 2948 exeitdtum·
747 2883 846 2948 fuisse
866 2883 1076 2962 edijrmehent.
1094 2888 1157 2951 dc·

128 3008 288 3083 ceperunt,
298 3007 419 3083 quanto
433 2995 539 3062 studio
550 3018 626 3063 surse
636 2999 705 3083 ipse
715 2980 904 3084 disciplinae
913 2999 1058 3064 alumnos
1067 3017 1153 3065 come

126 3111 342 3196 plecteretur,
377 3123 563 3199 quanteque
592 3133 706 3177 eorum
728 3122 809 3176 esset
839 3113 874 3175 in
904 3115 1010 3198 ipsum
1037 3117 1153 3179 amoris

127 3225 325 3313 magnitudo.
371 3227 493 3291 Horum
522 3227 623 3313 igitur
644 3244 758 3311 preces
778 3244 819 3288 ne
841 3227 975 3290 nimium
993 3228 1155 3308 valerent,

127 3360 256 3426 operam
273 3340 482 3406 sibidnndntn
497 3356 564 3404 esse
577 3339 757 3417 duxerant,
780 3337 880 3424 idque
898 3338 1153 3425 significandum,

126 3477 223 3542 quem
246 3455 479 3542 discipuiorum
500 3456 664 3521 ceritetem
684 3452 826 3537 trajecti
854 3454 1027 3518 redctdrus
1052 3467 1153 3535 esset,

128 3570 271 3636 eamdem
285 3571 390 3656 ipsum
400 3569 515 3635 Leidoe
525 3563 748 3634 inventurum:
773 3569 916 3634 emnium
927 3569 1048 3634 enindus
1064 3581 1153 3634 sum-

125 3685 292 3771 meipsius
317 3684 552 3770 exspectatione
572 3684 695 3763 teneri,
719 3685 765 3750 sic
785 3675 1029 3764 arbitrantium,
1049 3678 1151 3750 densa

125 3797 215 3864 dium
227 3808 425 3878 uuuntesto,
436 3819 529 3885 equo
541 3797 704 3863 cumulem
720 3801 824 3884 grev'is
835 3797 981 3882 jacturae
996 3805 1148 3884 conip'en-

125 3916 204 3979 satio
220 3915 342 4000 sperari
358 3923 479 4000 posset:
496 3912 529 3976 id
547 3935 580 3977 se
596 3912 682 3978 omni
692 3933 790 3999 opera
806 3923 952 3992 acturos,
972 3923 1009 3976 nt
1027 3932 1067 3976 ne
1078 3935 1150 3977 um·

126 4049 223 4114 quam
233 4028 361 4093 teidem
375 4028 526 4115 migrasse
541 4026 718 4092 Hensdium
734 4026 931 4113 poeniteret,
944 4048 981 4090 ec
995 4025 1147 4110 trajecti-

125 4163 240 4208 norum
248 4164 327 4230 erga
335 4143 441 4228 ipsum
453 4141 558 4208 surdis
570 4143 619 4206 rel
630 4152 808 4228 aequarent
818 4141 869 4204 vel
884 4153 1148 4226 superarent.»-

126 4258 322 4344 Totumque
332 4257 481 4345 gravibus
489 4256 741 4343 momentisquid
751 4255 1148 4341 opponebantTrejeotinii
