2875 5075
761 527 827 587 tlt

250 746 253 757 ,
280 712 436 788 oporteat.
471 699 566 783 Quod
596 699 622 762 si
650 699 889 785 intelligerent,
912 699 981 761 lore
1003 696 1128 780 ajebat,
1153 706 1189 761 ut
1214 697 1311 760 rebus

279 838 348 879 eam
361 814 508 880 omnibns
521 824 769 899 anteponerent,
781 831 876 876 unam
888 813 1008 898 quippe
1018 833 1076 896 per
1088 821 1187 874 totam
1197 811 1310 888 vitam,

278 953 296 994 a
321 930 432 1015 primis
457 929 573 993 nostris
595 926 820 1013 progressibus
846 925 886 990 ad
910 926 1133 1011 migrationem
1154 925 1189 987 in
1215 924 1311 987 aliam

278 1046 394 1122 vitam,
417 1043 588 1107 salutarem
619 1040 710 1106 nobis
738 1051 770 1103 et
790 1040 1012 1104 necessariam.
1025 1035 1052 1124 ¹)
1075 1039 1158 1124 ipsi
1183 1037 1313 1104 assidue

278 1157 506 1222 obversabatur
533 1155 616 1220 illud
648 1145 772 1238 dymtqiv
799 1142 920 1240 Κύριον
939 1144 996 1216 adv
1023 1142 1107 1217 Θεόν
1128 1142 1161 1216 ἓν
1182 1144 1243 1237 ὅλῃ
1270 1151 1335 1237 τῇ

276 1268 396 1357 καρδίᾳ
415 1268 470 1333 καὶ
487 1260 521 1333 ἓν
540 1261 599 1354 ὅλῃ
617 1267 659 1352 τῇ
672 1265 768 1353 ψυχῇ
782 1263 836 1329 καὶ
850 1256 883 1329 ἓν
899 1256 958 1349 ὅλῃ
973 1262 1015 1349 τῇ
1029 1260 1169 1347 διανοίᾳ,
1191 1254 1313 1327 καὶτὸν

277 1380 415 1467 πλησίον
433 1374 480 1456 ὠς
498 1368 622 1445 ἑαυτὸν.
652 1381 743 1445 Hanc
762 1379 904 1443 divinam
923 1378 1112 1441 sententiam
1130 1398 1163 1440 se
1188 1376 1311 1441 fateba-

277 1504 346 1573 tur,
365 1505 523 1559 oratorem
541 1514 687 1573 sacrum,
705 1492 887 1580 insingnlis
899 1490 1197 1555 commendaturum
1212 1491 1313 1554 suisne

277 1607 487 1672 orationibus.
502 1603 529 1691 ²)
554 1608 635 1671 Tum
647 1608 778 1687 efficax,
799 1609 929 1693 opinor,
946 1617 1044 1692 atque
1066 1604 1181 1669 diserta
1201 1606 1313 1669 futura
1415 1688 1419 1698 ι

277 1721 388 1785 luisset
406 1720 587 1787 adhortatio
607 1722 683 1800 viri,
707 1724 764 1807 qui
784 1723 909 1787 interna
929 1723 1048 1806 pietate
1072 1740 1106 1784 se
1124 1720 1234 1805 vigere
1253 1742 1312 1785 cu·

278 1834 405 1918 piebat‚
440 1836 496 1920 qui
529 1835 607 1899 alios
636 1837 788 1915 consilio,
820 1836 954 1921 opibus,
982 1835 1175 1899 auctoritate
1194 1833 1313 1916 juvare

277 1948 452 2033 gestiebat,
471 1950 528 2034 qni
547 1950 581 2013 in
598 1948 813 2033 dijudicandis
833 1949 1015 2013 bominibus
1034 1949 1111 2015 vitia
1128 1966 1240 2013 eorum
1260 1971 1312 2013 sc·

276 2062 355 2126 dulo
371 2062 411 2126 ab
427 2063 502 2148 ipsis
514 2085 700 2141 secernere,
720 2064 775 2127 illa
788 2065 987 2149 vituperare,
1006 2062 1063 2126 bos
1076 2084 1139 2127 non
1150 2060 1309 2149 odisse,²)

276 2177 421 2241 invidere
442 2178 578 2256 nemini,
607 2178 699 2241 bonis
727 2179 840 2241 alienis
861 2178 974 2242 laetari
998 2177 1139 2255 solebat,
1163 2178 1218 2263 qui
1247 2177 1311 2246 hoc

276 2289 444 2355 dictitabat
461 2291 713 2377 ostendebatque
732 2294 792 2357 sibi
817 2294 912 2379 longe
931 2293 1071 2357 omnium
1090 2292 1310 2357 felicissimum

275 2404 393 2485 videri,
412 2406 518 2471 nnllos
530 2407 624 2490 plane
641 2406 762 2471 babere
773 2409 930 2474 inimicos.
948 2408 1131 2472 Acerrimas
1146 2408 1311 2471 veroboni

274 2519 308 2584 in
326 2519 507 2585 hominibus
524 2532 686 2606 spectator
710 2520 780 2588 lieri
799 2545 864 2589 non
880 2524 1005 2608 potnit,
1029 2523 1110 2609 quin
1136 2523 1240 2587 lenius
1258 2522 1309 2585 in·

274 2634 401 2699 tendum
414 2656 511 2720 qnam
531 2635 617 2721 qnod
636 2637 788 2720 probares
800 2636 840 2700 dc
852 2638 890 2700 iis
906 2637 1063 2719 judicium
1075 2637 1183 2703 lerret.
1197 2637 1234 2702 ld
1247 2637 1308 2700 sibi

275 2750 415 2812 evenisse
442 2771 540 2835 seque
571 2748 743 2834 deceptum
763 2772 1003 2836 nonnumquam
1020 2752 1118 2815 fuisse
1140 2750 1226 2815 band
1244 2747 1309 2814 ‹lis-

275 2861 466 2941 simulabat,
487 2863 542 2926 sed
567 2885 599 2925 se
618 2865 769 2928 maluisse
787 2863 925 2928 addebat
943 2867 977 2933 in
999 2865 1082 2930 hanc
1101 2887 1199 2951 quam
1218 2866 1251 2928 in
1268 2867 1308 2927 il-

274 2976 337 3040 lam
360 2987 483 3060 partem
503 2999 620 3042 errare.

319 3091 509 3174 Hujusmodi
527 3091 657 3156 Hensdii
676 3093 740 3156 vita
755 3093 836 3171 fnit,
853 3093 1009 3179 singulari
1022 3095 1118 3179 plane
1132 3096 1309 3159 necessitu-

276 3203 350 3268 dine
370 3226 446 3268 cum
471 3205 584 3270 studiis
605 3207 777 3288 conjuncta
798 3208 902 3293 iisque
922 3207 963 3270 ad
984 3211 1151 3294 egregium
1175 3209 1307 3294 aliquod

275 3319 401 3383 virtutis
427 3318 590 3404 fastigium
617 3319 751 3385 directa.
797 3321 885 3386 llaec
915 3322 1100 3405 conjunctio
1124 3323 1156 3384 in
1181 3343 1308 3386 omnem

274 3432 345 3513 ejus
371 3432 603 3496 institutionem
634 3435 819 3520 scriptaque
858 3437 963 3500 omnia
999 3437 1192 3522 penetravit,
1227 3437 1309 3500 adeo

276 3558 314 3610 ut
335 3545 488 3610 facillime
508 3546 611 3612 ubivis
631 3547 664 3612 in
692 3549 847 3613 varietate
866 3572 1074 3630 consensum,
1099 3554 1133 3614 in
1158 3566 1314 3636 prognes-²

276 3661 363 3724 sione
392 3663 604 3726 constantiam
633 3683 764 3742 cernas,
804 3676 990 3750 cunctaque
1025 3665 1063 3728 ad
1098 3664 1195 3729 talem
1225 3665 1309 3728 refe·

275 3787 324 3830 ras
354 3766 477 3846 virum,
505 3768 634 3853 qualem
657 3791 745 3832 nune
777 3772 997 3856 spectavimus.
1039 3772 1094 3836 sic
1121 3783 1229 3836 autem
1251 3771 1308 3834 ille

307 3989 333 4055 1)
353 3995 400 4041 nr.
417 4008 477 4040 over
495 3995 529 4042 II.
547 3995 611 4048 aad.
628 4013 653 4061 p.
669 3995 729 4046 130.

307 4075 333 4139 2)
353 4079 412 4126 End.
431 4096 456 4142 p.
474 4077 515 4128 33.

307 4159 332 4224 3)
341 4179 368 4233 .‘,‘‚
375 4163 404 4210 Ils
423 4163 486 4212 dant
502 4165 532 4214 sla
545 4165 679 4214 mausolaeo
695 4169 765 4229 niet,
784 4183 857 4214 mour
873 4171 891 4215 't
900 4167 1007 4231 laonod,
1019 4169 1065 4217 dot
1075 4172 1103 4216 in
1115 4169 1163 4217 hen
1177 4170 1309 4218 solnta.»

273 4247 334 4296 End.
355 4264 379 4311 p.
398 4247 439 4295 32.
