2875 5075
617 511 681 573 253

131 682 347 770 eumdemque
383 684 504 775 bonum
535 680 688 769 virum.¹)
731 684 770 747 Et
798 702 858 768 ego
886 703 1009 747 summo
1047 683 1167 768 pariter

132 797 243 863 dolore
256 797 406 876 allectus,
425 818 543 883 meque
555 796 694 861 doctoris
714 796 854 875 lumine,
873 798 1013 880 parentis
1032 796 1165 859 caritate

133 912 282 975 orbatum
304 910 434 991 ridens,
459 911 491 974 in
515 912 685 976 certiorem
706 921 812 974 tamen
830 930 921 994 spem
942 908 1085 973 ducebar
1103 910 1164 973 im·
1185 974 1188 977 ,

47 1014 48 1018 ’
91 1012 94 1016 ’
131 1026 335 1090 mortalitatis
361 1038 412 1103 et,
433 1037 602 1112 postquam
621 1024 751 1088 domum
769 1023 871 1088 redux
892 1023 1044 1087 avunculi
1069 1024 1164 1087 rerba
1242 1101 1247 1104 j

132 1142 294 1227 legeram,
314 1140 348 1202 iu
367 1141 499 1218 itinere,
519 1152 556 1204 ut
574 1140 639 1203 veri
660 1139 764 1203 simile
784 1150 849 1218 est,
866 1138 985 1224 scripto
997 1137 1162 1202 mandata:

133 1255 239 1318 moliri
261 1256 365 1339 ipsum
393 1277 516 1317 novum
540 1254 735 1333 Timaeum,
759 1252 896 1317 sublime
919 1262 1162 1338 argumentum,

132 1368 388 1432 adumbrandum
419 1379 527 1433 autem
555 1391 617 1432 non
645 1369 679 1431 in
710 1368 811 1431 musei
839 1367 1012 1452 angustiis,
1048 1365 1102 1429 sed
1130 1366 1165 1428 in

132 1483 326 1567 amplissimo
342 1481 468 1546 divinae
486 1482 657 1567 majestatis
676 1480 818 1559 theatro,
834 1492 973 1545 mentem
984 1479 1024 1544 ad
1038 1480 1095 1543 Dei
1109 1500 1162 1542 ve·
1254 1460 1258 1466 .

133 1598 331 1661 nerationem
349 1598 516 1682 aperiunte
540 1608 655 1662 totam:
673 1609 741 1661 tum
762 1597 861 1683 igitur
877 1596 1079 1681 cogitssiz-
1094 1596 1165 1659 Nou

132 1711 211 1774 vidit
228 1713 285 1775 illa
295 1712 459 1775 Helvetiae
477 1710 567 1789 loca,
585 1732 649 1775 non
665 1712 808 1790 Italiam,
827 1731 891 1774 non
907 1711 1014 1773 lacum
1029 1710 1166 1774 Comen-

132 1847 215 1903 sem,
239 1847 350 1889 rerum
368 1826 448 1890 illuc
466 1847 566 1911 quum
586 1827 647 1889 iter
664 1825 815 1911 parabat,
827 1846 865 1889 eo
876 1823 974 1901 abiit,
995 1823 1052 1887 ubi
1071 1824 1165 1909 genio

132 1939 325 2025 indulgendi
347 1940 567 2025 opportunitas
584 1941 613 2002 ei
629 1940 766 2025 amplior
782 1950 845 2017 est,
864 1938 994 2024 purior,
1013 1941 1162 2002 sanctior.

180 2055 269 2120 Hanc
292 2056 561 2139 opportunitatem
591 2054 667 2133 tibi,
690 2054 851 2118 carissime
872 2052 1011 2131 Heusdi,
1034 2052 1166 2115 minime

133 2166 315 2232 inridemus
339 2180 393 2247 et,
422 2169 689 2254 quotiescumque
720 2190 759 2231 eo
785 2190 841 2231 nos
869 2167 1063 2252 cogitatione
1088 2187 1165 2230 con·

136 2293 265 2345 vertere
283 2282 454 2362 audemus,
475 2296 545 2348 tuos
563 2295 599 2347 ut
619 2284 652 2346 in
669 2304 742 2347 vero
760 2283 928 2368 bonoque,
947 2303 985 2344 es
1003 2302 1068 2366 quo
1088 2280 1165 2343 hinc
1254 2357 1259 2368 Ι

135 2396 260 2475 abiisti,
285 2418 472 2483 progressus
490 2398 710 2483 suspicemur,
735 2397 827 2477 toties
853 2418 909 2459 nos
935 2396 1063 2459 incitari
1093 2416 1165 2459 sen-

136 2512 233 2575 timus
265 2510 304 2575 ad
339 2512 591 2598 praeparationis
622 2523 695 2596 tuae
731 2509 930 2598 diligentiam
958 2508 1164 2598 sequendam.

133 2627 203 2689 Tua
223 2625 456 2690 consuetudine
475 2637 674 2711 perpetuoue
692 2626 825 2691 carituri
841 2626 955 2703 simus,
980 2646 1021 2687 an
1037 2646 1111 2689 vero
1128 2625 1165 2687 ei

132 2738 309 2824 aliquando
335 2740 374 2804 ad
396 2739 627 2825 perfectionem
654 2740 787 2826 propius
810 2739 989 2818 accessuri,
1013 2737 1166 2824 equidem

133 2867 289 2917 statuere
306 2876 368 2917 nou
390 2855 512 2934 ausim;
532 2853 586 2918 sed
598 2852 679 2918 illud
697 2865 810 2933 teneo,
832 2871 1057 2940 quaecumque
1074 2853 1166 2918 nobis
1233 2933 1240 2948 ἱ

135 2967 288 3032 divinitus
308 2979 456 3032 eventura
469 2970 549 3048 sint,
567 2991 603 3033 ea
617 2970 686 3033 fore
704 2969 834 3054 optima.
857 2963 897 3032 Et
912 2967 1015 3032 Deum
1032 2989 1164 3055 precor,

134 3081 174 3146 ha
185 3104 226 3146 no
240 3083 330 3146 nobis
349 3094 486 3146 mentem
504 3083 641 3162 duit,.ut
655 3085 719 3146 sive
732 3083 948 3168 nosmetipsos
964 3083 1029 3145 sive
1046 3104 1167 3169 cogna-

136 3207 188 3260 tos
206 3194 446 3281 discipulosque
473 3209 595 3261 nostros
614 3194 846 3262 excellentibus
862 3192 984 3282 ingenii
1003 3197 1166 3282 animique

136 3312 182 3374 tui
210 3304 425 3374 monumentis
460 3331 590 3395 pascere
620 3330 790 3390 conamur,
818 3311 852 3372 in
887 3310 1165 3396 flagrantissimum

136 3435 229 3487 tuum
251 3425 433 3520 intueamur
451 3427 516 3490 reri
534 3445 691 3504 amorem
709 3447 776 3512 quo
792 3425 838 3488 sic
855 3424 946 3488 uobis
958 3423 1082 3509 praeire
1098 3434 1165 3488 stu·
1203 3463 1209 3476 ·

135 3538 256 3618 duisti,
280 3549 316 3601 ut
339 3538 410 3602 illos
441 3561 502 3602 non
523 3540 677 3624 possimus
700 3549 733 3602 te
758 3538 905 3625 indignos
931 3560 1045 3603 vocare
1071 3538 1165 3603 disci-

137 3652 249 3736 pulos,
272 3653 328 3738 qui
350 3639 428 3717 nihil
453 3653 513 3716 sibi
536 3654 623 3740 prius
644 3653 816 3738 potiusque
832 3674 899 3716 esse
917 3655 1052 3739 cupiunt
1069 3676 1166 3740 quam

54 3809 56 3814 -
136 3778 233 3829 tuum
249 3765 349 3830 illud:
374 3757 412 3829 ori
433 3757 494 3852 γάρ
512 3757 578 3852 πρὸ
598 3787 634 3850 γε
653 3763 711 3851 τῆς
733 3757 892 3851 ἀληθείας
906 3753 1056 3851 τιμητέος
1076 3756 1165 3853 ἀνήρ.

134 3911 339 3920 m·-

174 3982 199 4047 1)
218 3985 310 4033 locum
324 3985 397 4032 illum
411 3979 565 4032 adeuntibus·
579 3981 652 4029 focile
667 3987 704 4029 est
719 3986 829 4029 mentem
841 3980 872 4029 ud
882 3983 1011 4043 cogitandi
1026 3984 1169 4033 sublimite-

136 4076 186 4118 tem
198 4071 310 4132 erigere,
320 4073 359 4120 his
367 4067 549 4119 leotislleusdii
558 4067 602 4133 (Cf.
610 4083 683 4130 supra
693 4085 717 4131 p.
725 4065 785 4129 233)
793 4069 820 4115 in
829 4067 913 4130 lupide
920 4069 1055 4132 sepulcrali
1070 4071 1167 4133 verbis,

211 4159 284 4204 *Dic
301 4159 356 4205 niet
372 4159 413 4204 als
431 4157 494 4204 kind
506 4155 619 4221 golcojt,
640 4156 685 4201 lsoe
703 4155 753 4201 lon
770 4155 814 4201 die
829 4157 950 4218 wtjsgoer
964 4151 1097 4206 hoetou?„

553 4279 755 4288 mua...
