2875 5075
763 530 827 593 150

277 708 317 771 ad
338 708 498 772 hominem
516 706 642 790 penitus
659 702 872 769 excolendum
889 702 1040 766 ducentia
1056 712 1169 786 sponte
1187 722 1310 765 ernau·

277 835 341 887 tur.
377 821 563 885 Afferuntur
583 817 733 905 quidem,
765 818 806 881 de
834 817 952 903 quibus
973 816 1116 879 diversae
1145 816 1312 902 hodieque

276 948 350 999 sunt
371 937 402 999 in
423 936 523 1019 patria
542 944 646 997 nostra
669 932 854 997 sententiae.
888 931 942 995 Sic
961 929 1004 994 de
1023 928 1204 1016 Gymnasiis
1221 939 1309 995 tam—

278 1071 375 1136 quam
410 1048 653 1113 Academiarum
678 1047 855 1109 seminariis
884 1044 1068 1123 disseritur,
1098 1046 1205 1130 iisque
1226 1063 1311 1130 pru-

279 1163 392 1226 denter
405 1160 430 1248 ¹)
455 1160 638 1248 separandis
666 1162 707 1225 nb
732 1160 932 1223 institutione
956 1158 1085 1238 medio,
1109 1179 1254 1245 quacum
1275 1180 1312 1223 ea

273 1280 341 1360 jam
359 1276 536 1341 arctissime
556 1276 766 1359 conjunctum
783 1275 910 1339 iverunt
927 1274 1091 1351 nonnulii,
1115 1274 1310 1359 Gymnasio·
1337 1348 1347 1369 ο

281 1416 349 1457 rum
377 1393 498 1478 quippe
527 1402 632 1455 nostro
654 1403 795 1475 ternpore
815 1409 884 1453 esse
911 1399 1059 1472 putantes
1078 1387 1119 1451 od
1144 1388 1222 1452 alias
1251 1407 1311 1453 uec

278 1518 402 1570 tantum
427 1504 467 1569 ad
489 1526 541 1568 eas
557 1505 730 1568 informare
750 1504 835 1566 ritae
852 1502 1069 1581 conditiones,
1094 1522 1179 1588 quae
1197 1503 1311 1567 studiis

279 1620 479 1684 Academicis
498 1630 664 1704 parantur.
701 1617 758 1683 Me
779 1616 921 1702 noudum
939 1616 1027 1681 hisce
1051 1619 1196 1681 assentiri
1222 1620 1310 1703 perri

280 1735 388 1799 refert.
443 1734 506 1797 Atii
547 1716 627 1797 sero
662 1733 849 1819 priusquam
881 1730 1117 1796 assentiendum
1158 1730 1309 1811 credant,

280 1848 493 1912 Heusdienam
511 1848 606 1911 velim
627 1846 666 1911 dc
687 1848 867 1933 Gymnasiis
890 1865 955 1910 non
975 1841 1100 1909 tantum
1122 1841 1176 1909 sed
1199 1846 1242 1909 de
1263 1868 1311 1909 re·

279 1964 370 2049 liqna
388 1964 483 2025 etiam
504 1964 703 2026 institutione
719 1961 966 2046 disputationem
982 1960 1156 2047 diiigenter
1174 1980 1311 2046 perpen-

280 2078 368 2143 dunt.
401 2078 577 2167 ,Praeterea
608 2078 664 2141 iiia
692 2079 725 2139 in
751 2077 933 2162 Gymnasiis
949 2074 1192 2139 commendatur
1215 2076 1308 2138 insti-

282 2193 414 2256 tutionis
444 2191 576 2269 divisio,
611 2212 674 2277 qua
709 2189 846 2255 docendi
880 2201 1005 2275 partes,
1039 2211 1102 2253 non
1126 2190 1311 2267 curatum,

280 2304 335 2377 scd
360 2305 631 2390 disciplinarum
656 2308 780 2370 ratione
811 2304 940 2385 habita,
971 2304 1057 2368 inter
1076 2304 1224 2368 doctores
1244 2301 1311 2367 dis-

282 2419 480 2485 tribuuntur.
521 2418 707 2502 Cujusmodi
735 2409 921 2483 divisionem
947 2420 1044 2504 paulo
1072 2429 1143 2503 post
1171 2415 1310 2498 Traiecti

279 2533 319 2599 sd
337 2534 506 2614 Rhenum,
526 2537 603 2620 ipsis
616 2534 876 2620 praeceptoribus
893 2532 1310 2612 suadentibus,inductam‚

281 2669 383 2734 quum
408 2649 449 2712 ab
475 2650 545 2713 aliis
574 2661 641 2714 tum
663 2669 681 2713 n
701 2651 833 2716 Victore
852 2647 989 2713 Gousino
1012 2650 1185 2731 reiectam,
1200 2645 1312 2731 ¹vindi·
1342 2721 1347 2730 ‚

281 2773 384 2826 cutum
402 2783 480 2827 vero
498 2786 517 2827 a
537 2762 705 2841 Bothusio,
725 2765 840 2828 eximio
855 2763 933 2828 olim
951 2774 984 2826 et
1000 2761 1134 2826 Heusdii
1152 2761 1313 2848 discipulo

283 2889 314 2940 et
325 2877 487 2962 Gymnasii
509 2877 681 2958 Traiectiui
701 2875 968 2964 praeceptore,²)
986 2899 1026 2942 ac
1043 2876 1177 2957 Leidae,
1195 2877 1312 2942 Docto·
1417 2935 1418 2940 ,

283 3013 353 3056 rum
384 2993 506 3075 pariter
536 3003 666 3078 rogatu,
698 2995 861 3077 superiore
894 3014 978 3058 anno
1007 2994 1213 3057 constitutum
1246 3011 1313 3055 esse

284 3108 438 3170 novimus.
452 3110 478 3192 ³)
518 3107 636 3172 Verum
658 3108 919 3194 quibuscumque
941 3108 1020 3173 haec
1047 3107 1147 3172 dubio
1176 3100 1313 3171 obnoxia

286 3284 488 3296 *Q

317 3410 342 3472 1)
362 3412 397 3459 Cf.
417 3411 521 3459 omnino
537 3426 562 3473 p.
580 3409 630 3459 151
647 3419 674 3460 et
693 3409 822 3460 1590011.
842 3429 867 3476 p.
887 3409 947 3460 itt.
1008 3417 1013 3423 “

317 3495 344 3558 2)
362 3497 451 3544 Victor
467 3494 559 3544 Cousin
576 3498 607 3545 de
622 3498 800 3545 I'instruotiosr
811 3498 937 3562 pudliqrse
949 3515 979 3546 en
992 3497 1120 3546 Hollouds
1135 3504 1162 3546 et
1171 3499 1195 3547 J.
1212 3495 1242 3546 11.
1260 3495 1314 3546 Van

283 3581 386 3631 Boihuis
405 3597 466 3630 orer
492 3581 523 3632 ds
548 3584 753 3650 tegenwoordigs
776 3586 911 3650 insigtr'ng
929 3583 977 3634 der
999 3585 1151 3652 Lotp'p‘s'rseirs
1172 3583 1268 3633 sessor
1290 3589 1316 3636 tt

285 3669 401 3731 Utroedt,
419 3669 472 3718 ou.
487 3685 510 3718 s.
533 3668 608 3720 1837.
633 3672 669 3720 Cd.
687 3672 717 3720 A.
738 3671 823 3720 ttktsr
836 3671 869 3720 de
886 3673 1037 3734 Gymnasiis
1046 3673 1161 3736 patrio,
1180 3671 1315 3735 inprimis

282 3755 313 3804 de
336 3756 471 3818 Gymnosii
494 3756 746 3824 Edono-Trojacts'ni
769 3758 893 3806 interiore
913 3760 1027 3821 rationo,
1052 3759 1078 3806 in
1103 3757 1187 3821 Symd.
1215 3758 1314 3820 Lites,

283 3841 332 3890 roi.
348 3841 399 3904 tv,
418 3857 497 3904 equs
508 3841 679 3906 disputatione
697 3829 788 3906 upside
813 3845 924 3908 pretium
941 3850 980 3892 est
994 3843 1142 3892 innumeros
1158 3857 1315 3905 cognoscere

281 3922 435 3989 Thierschii,
459 3929 620 3977 festinantius
640 3943 716 3992 quum
739 3932 885 3979 accuratius
908 3935 993 3979 nostra
1015 3928 1196 3994 contemplati,
1215 3937 1315 3977 errores

282 4013 308 4061 in
327 4013 372 4060 ilio
388 4015 521 4077 Gymnssio
537 4015 709 4078 dijudicando.

316 4097 342 4145 :tt
361 4101 389 4146 A.
409 4101 488 4162 Bake,
509 4101 613 4148 Tweede
628 4102 736 4166 Vorslag
750 4117 799 4148 von
815 4100 864 4149 des
881 4103 957 4149 Atoot
971 4101 1017 4148 des
1032 4099 1191 4167 &adelphos
1207 4101 1314 4164 Gym-
1351 4111 1354 4116 '

282 4185 397 4230 nosinms
414 4191 437 4233 ts
458 4187 581 4252 Lepidos,
602 4203 635 4234 no
652 4188 733 4252 ofloop
751 4203 802 4234 vass
821 4186 870 4234 des
895 4187 1094 4250 loos-Ourna,
1117 4187 1245 4251 dogonm
1266 4186 1313 4234 don

285 4266 316 4316 12
335 4270 404 4332 Aug.
423 4269 490 4318 1839
506 4286 536 4318 sn
551 4273 696 4338 gedinds'gd
709 4274 758 4322 deu
777 4273 809 4322 15
825 4274 900 4339 Ιαπῇ
919 4272 1002 4336 1840,
1022 4291 1045 4339 p.
1063 4270 1088 4322 1.
