2875 5075
628 536 667 597 15

125 706 324 794 jungebant,
348 717 379 769 et
400 708 446 771 sic
463 709 545 770 alter
562 708 677 771 sensim
692 707 822 771 ulterius
836 699 1050 788 sermonibus,
1068 709 1159 795 inge·

129 820 200 901 nlo,
224 818 456 885 consuetudine
477 820 717 900 delectabatur,
748 832 785 886 ut
804 824 872 886 lere
889 842 1014 908 semper
1028 844 1093 888 una
1109 844 1158 886 es-

128 946 198 999 sent
219 935 361 1021 indeque
387 958 405 999 a
430 924 588 1001 sodalium
617 935 780 1001 nonnullis
800 935 938 1001 Orestes
956 947 988 1000 et
1009 936 1160 1022 Pylades
1266 924 1278 943 ’

128 1050 377 1135 appellarentur.
396 1050 516 1131 ¹Quam
546 1049 677 1136 quidem
700 1050 878 1115 animorum
898 1050 1158 1135 conjunctionem

127 1163 216 1227 nulla
236 1182 390 1250 umquam
406 1164 469 1229 loci
484 1162 658 1248 disjunctio
673 1158 885 1228 munerumre
901 1163 1082 1246 diversitas,
1101 1164 1158 1230 sed

127 1298 209 1341 mors
225 1277 364 1344 sustulit.
415 1296 418 1303 ⁴
467 1292 470 1299 ⁴

169 1380 300 1455 Interim
343 1382 508 1457 lleusdius¹
542 1392 587 1455 in·
618 1390 742 1458 scholas
788 1392 964 1457 ventitabat
995 1392 1158 1457 Scindeni

4 1576 5 1579 ,
127 1506 336 1591 geometricas
369 1516 468 1593 atque
501 1504 663 1593 physicas,
698 1503 801 1571 Crassi
831 1506 873 1571 de
900 1506 1158 1572 Institutionibus

4 1624 5 1695 ἴ
121 1618 205 1703 juris
241 1610 394 1699 Romani,
433 1619 676 1708 Wyttonbacbii
710 1618 751 1683 de
792 1620 932 1706 antiquis
970 1620 1072 1687 literis
1107 1621 1157 1686 di·

4 1706 5 1789 l
126 1752 240 1800 versas.
275 1734 337 1799 lllc
362 1744 469 1798 autem
496 1734 526 1798 ei
546 1731 730 1812 acciderat,
754 1733 844 1820 quod
864 1734 899 1797 in
925 1754 1080 1798 summam
1101 1729 1157 1799 ex·

4 1826 5 1843 ἶ
125 1840 368 1934 spectationem*
385 1846 525 1913 adducto
547 1848 779 1913 submolestum
807 1848 887 1929 luit,
921 1860 975 1928 ut,
1008 1846 1157 1935 quaeda
1181 1870 1185 1875 ’

124 1962 377 2051 wyttenbachio
409 1964 515 2027 animo
550 1975 776 2048 praeceperat,
813 1956 889 2027 non'
905 1962 1011 2027 statim
1039 1961 1156 2027 confir·

4 2118 6 2147 2
125 2088 226 2142 maret
243 2089 384 2144 eventus.
419 2077 515 2161 Quod
531 2089 639 2142 tamen
657 2077 790 2141 minime
815 2078 933 2141 mirum
952 2077 1154 2155 tenentibus,

123 2192 212 2257 hunc
232 2209 338 2279 neque
357 2207 412 2257 ore
430 2184 493 2257 'nec
512 2192 625 2257 babitu
646 2212 706 2256 nec
731 2212 808 2257 roco
830 2202 863 2254 et
889 2190 1157 2277 pronunciatione

124 2328 158 2371 se
173 2309 368 2393 magnopere
386 2300 504 2393 ignotis
524 2300 782 2385 commendasse,
816 2316 853 2371 at
870 2326 926 2370 eos
943 2305 1156 2370 continuoal·

4 2404 6 2423 ἱ
123 2420 248 2486 liceret.
288 2414 381 2501 Esse,
410 2421 517 2509 inquit
544 2420 721 2500 lleusdius,
752 2441 827 2485 eom
852 2429 996 2505 putasses
1017 2418 1155 2503 probum

5 2603 7 2616 ,
122 2534 337 2600 ὴοιῃίιιοωηί
359 2534 548 2614 honestum,
573 2532 753 2598 sedunum
781 2526 828 2597 de¹
850 2532 979 2610 multis,
1010 2543 1156 2597 ceterum

123 2649 309 2714 subtristem
328 2658 361 2710 et
379 2631 581 2713 severiorem.
614 2647 670 2712 Sic
687 2657 719 2711 et
739 2646 855 2734 vulgus
874 2645 916 2710 de
933 2666 972 2709 eo
987 2641 1156 2729 judicabat

124 2775 154 2828 et
171 2756 306 2846 juvenes
325 2765 436 2825 recens
457 2761 490 2824 in
501 2758 706 2826 Academiam
727 2761 926 2839 delati-,nec
944 2779 996 2824 mo
1008 2758 1155 2849 (fatebor

125 2873 223 2962 enim)
248 2876 353 2940 statim
366 2874 463 2960 cepit.
477 2870 505 2961 ¹)
539 2869 721 2940 Accedebat
748 2873 837 2960 quod
852 2867 1037 2939 s'cbolarum
1052 2871 1154 2941 Grae-

124 3011 233 3055 carum
258 2990 350 3054 initio
365 2991 440 3054 anni
457 2981 639 3059 Academici
662 2989 865 3076 simplicitas,
890 2989 967 3054 licet
986 2989 1153 3076 discipulis

124 3099 341 3168 inclementis
372 3102 480 3170 adhuc
510 3103 744 3189 haerentibus,
766 3104 868 3167 unios
894 3104 1151 3182 accommodata,

7 3227 8 3235 ’
124 3219 255 3284 lleusdii
284 3219 505 3305 progressibus
532 3221 596 3284 n'oo
630 3219 761 3283 omuino
780 3218 988 3282 satisfaceret.
1022 3217 1094 3298 Qua
1111 3215 1154 3282 de

124 3357 158 3399 re
185 3319 288 3419 riuum
316 3332 514 3398 Nodellium·
529 3325 698 3397 certiorem
728 3318 994 3395 reddiderat-‘cdv
1014 3323 1155 3411 γενναῖον

122 3439 234 3534 poids,
258 3447 342 3512 illud
367 3449 410 3512 ab
439 3467 477 3512 eo
501 3439 688 3532 responsum
710 3445 803 3524 tulit,
829 3439 894 3530 quo
915 3444 949 3508 iu
973 3461 1062 3529 spem
1078 3441 1153 3504 orta

124 3555 264 3646 gebatur
282 3562 352 3628 lore
382 3574 418 3627 ut
434 3559 709 3650 ¹Wyttenbechius
731 3560 837 3645 ipsum
858 3559 946 3622 brevi
973 3572 1153 3642 cognosco·

9 3755 10 3762 ἶ
123 3685 182 3741 ret.
212 3677 252 3739 Et
268 3669 342 3740 sane
360 3672 449 3740 brevi
464 3674 542 3740 huic
559 3674 703 3759 suspicio
726 3683 794 3738 orta
815 3683 863 3737 est
880 3671 921 3736 de
941 3669 1094 3757 discipuli
1110 3667 1151 3734 ad

124 3790 286 3873 praeclara
308 3784 500 3877 capessenda
519 3787 703 3867 alacritate}
726 3783 890 3872 primum,
923 3796 960 3849 ut
981 3785 1152 3870 utriusque

126 4029 327 4040 ——o——u-a

154 4177 180 4241 1)
199 4180 266 4230 llaec
292 4195 306 4228 e
331 4177 430 4228 schedis
456 4178 564 4227 MSStr's
577 4175 666 4232 ducta
690 4174 788 4240 partior·
804 4173 950 4226 indicentur
966 4171 994 4220 tn
1012 4171 1099 4235 Epist.
1115 4171 1151 4225 ad

122 4265 212 4314 Oreos.
231 4281 256 4330 p.
271 4262 312 4313 10.
