2875 5075
549 539 551 541 ’
598 572 659 633 173

20 780 21 831 3
115 753 240 809 tautum
263 744 480 824 Professores,
504 743 578 824 sed,
598 745 723 810 assidua
740 745 809 829 ejus
825 766 959 831 operum
979 767 1142 811 commen·

114 846 263 939 datione,
293 859 333 924 ad
351 858 526 944 discipulos
550 860 646 923 etiam
672 872 796 925 nostros
813 861 986 946 pertinent,
1003 882 1143 948 quorum

114 976 254 1061 optimus
283 976 422 1061 quisque
443 996 481 1039 ea
506 997 603 1061 opera
621 975 865 1061 diligentissime
889 974 980 1061 legit.
1020 978 1143 1044 Verum

114 1102 169 1169 ut,
194 1089 294 1153 missis
317 1090 449 1169 ceteris,
473 1090 602 1154 afferam
623 1090 710 1176 quod
737 1089 947 1176 praecipuum
966 1100 1032 1169 est,
1054 1067 1144 1155 Reli-

116 1204 244 1291 gionem
266 1201 478 1269 Christianam
496 1204 747 1285 institutionem,
779 1224 818 1269 ac
838 1226 992 1269 summam
1012 1204 1144 1291 quidem
1185 1252 1189 1263 .

116 1330 154 1383 et·
167 1318 430 1403 perfectissimam
460 1320 585 1404 generis
609 1319 778 1384 humanis
800 1320 868 1383 Deo
890 1318 998 1384 datam
1015 1320 1144 1385 institu-

116 1434 235 1498 tionem
254 1454 340 1512 esse,
363 1432 425 1499 hoc
443 1456 519 1497 sero
538 1434 580 1499 ab
601 1435 686 1499 omni
709 1446 800 1521 parte
820 1433 994 1500 clarissima
1013 1435 1048 1498 in
1069 1435 1144 1499 luce

115 1569 236 1634 ponere
264 1569 430 1614 conamur.
470 1549 510 1613 Et
531 1548 792 1637 quandoquidem
814 1548 974 1614 Heusdius
992 1561 1060 1613 tum
1086 1549 1145 1615 sua

114 1660 266 1727 historiae
304 1662 515 1747 explicatione
547 1664 801 1750 progressionem
834 1663 1041 1729 humanitatis
1070 1686 1145 1751 per·

115 1778 227 1862 spicue
246 1776 558 1842 animadvertendam
575 1778 769 1863 praebebat,
795 1790 863 1843 tum
883 1779 1057 1844 Platonicis
1079 1782 1144 1844 suis

115 1868 224 1978 iisque
238 1912 311 1954 vere
331 1891 527 1977 philosophis
546 1892 823 1979 disquisitionibus
845 1894 990 1957 intimam
1006 1892 1144 1959 hominis

116 2018 147 2070 et
177 2005 382 2070 humanitatis
415 2006 630 2071 instituendae
658 2019 805 2072 naturam
832 2006 1026 2072 lucidissime
1046 2030 1146 2094 expc-

116 2120 199 2199 suit3
232 2119 289 2183 illo
312 2120 461 2208 prolecto
484 2097 577 2185 nemo
604 2122 705 2209 magis
736 2144 792 2186 nos
816 2122 1015 2208 praeparavit
1040 2135 1074 2187 et
1089 2122 1146 2205 ju·

115 2234 160 2297 vit
188 2232 229 2299 ad
262 2235 521 2320 perspiciendum
546 2236 681 2322 aliisque
714 2235 961 2316 declarandum,
981 2238 1144 2323 quomodo
1206 2324 1209 2327 ἦ

115 2348 200 2414 Deus
224 2350 333 2436 generi
353 2349 511 2429 humano,
532 2372 569 2415 ex
590 2372 654 2437 quo
670 2351 755 2415 illud
768 2363 911 2437 tempore
929 2362 1145 2417 maturescere
1184 2397 1188 2405 ,

20 2482 21 2491 ¹
115 2485 258 2527 summae
269 2486 344 2527 suae
364 2464 556 2528 institutioni
573 2465 767 2551 incipiebat,
784 2486 842 2550 per
858 2467 968 2531 lesum
983 2466 1144 2531 Christum

113 2579 348 2643 institutionem
364 2577 500 2664 largitus
519 2580 559 2642 sit
571 2579 712 2642 omnium
725 2581 853 2644 omuino
864 2580 1141 2665 perfectissimam
1225 2659 1229 2666 .

114 2715 181 2779 qua
202 2691 347 2756 homines
363 2693 576 2757 informentur
585 2705 621 2759 ut
629 2695 692 2758 vita
704 2696 866 2759 communi
876 2695 1059 2780 conjuncti,
1082 2695 1144 2768 sihi

114 2807 254 2871 invicem
276 2807 517 2871 benevolentes
535 2818 566 2871 et
589 2808 671 2871 bene
692 2809 864 2890 facientes,
885 2811 1012 2889 dsunt,
1036 2811 1144 2897 prouti
1251 2804 1256 2811 ⁴

116 2943 135 2988 a
162 2920 290 2986 Christo
318 2921 478 2986 institutos
506 2921 565 2985 Dei
593 2920 711 2986 liberos
741 2923 855 3005 decet,
891 2924 931 2989 ad
965 2926 1068 2990 Patris
1094 2925 1144 2990 sui

116 3037 317 3100 sanctitatem
349 3045 381 3098 et
408 3035 602 3120 sapientiam
634 3049 665 3101 et
701 3059 777 3102 vero
806 3059 946 3104 amorem
976 3041 1142 3107 enitentes.
1208 3052 1224 3070 ⁶

116 3151 203 3215 llaec
227 3160 274 3214 est
295 3148 427 3213 Heusdii
454 3149 499 3214 ris
518 3151 551 3213 in
572 3151 687 3214 nostris
703 3151 849 3235 ipsorum
865 3153 1029 3216 sententiis
1051 3151 1144 3216 thee·

116 3265 245 3352 logicis.
286 3262 348 3327 Sed
375 3263 452 3327 huic
479 3284 683 3349 nequaquam
709 3263 799 3328 cedit
819 3264 864 3327 sis
885 3267 953 3348 ejus
971 3266 1007 3328 iu
1034 3277 1143 3330 nostra

110 3378 291 3463 juventutis
310 3375 523 3442 instituendae
553 3377 685 3441 ratione.
725 3379 795 3442 Non
817 3379 910 3442 aliter
938 3379 1142 3466 animatque

114 3494 172 3558 ille
193 3492 336 3571 solebat,
357 3513 413 3556 nos
434 3513 586 3556 conamur
603 3502 634 3555 et
654 3492 695 3556 ah
709 3492 839 3579 iugenio
861 3504 892 3557 et
908 3494 950 3557 ab
967 3495 1073 3558 animo
1086 3493 1138 3578 ju·-

117 3629 213 3672 venes
237 3607 391 3672 excolere.
437 3605 571 3694 Itaque,
596 3605 684 3694 quod
710 3607 813 3672 Deum
838 3607 1065 3697 Christumque
1094 3603 1143 3676 la·
1188 3622 1190 3626 '

117 3724 237 3788 cientes
249 3721 411 3801 ridemus,
432 3720 465 3785 id
477 3721 614 3801 imitari,
634 3743 791 3786 summam
809 3745 885 3788 eum
903 3725 1144 3790 amicisuostris

115 3837 351 3901 institutionem
370 3835 607 3900 communicare
627 3834 834 3903 studemus.»
871 3839 942 3913 lam
967 3837 1081 3902 harum
1103 3841 1159 3936 ιι(

116 3962 258 4017 terarum
283 3951 431 4035 scriptori
450 3949 584 4036 ejusque
604 3949 749 4038 collegae
770 3951 934 4017 llolstedio
950 3953 1084 4018 Grootio
1100 3989 1142 4002 -

116 4065 270 4133 Oordtiua
300 4065 402 4146 enim,
437 4063 574 4151 diligens
611 4064 667 4129 ille
694 4065 842 4160 laborum
869 4042 1142 4153 consiliorumque

117 4181 260 4246 omnium
297 4180 400 4244 socius
426 4179 515 4246 brevi
542 4189 615 4244 ante
637 4177 766 4244 Leidam
792 4181 984 4267 migraverat
1012 4182 1141 4249 -illis

116 4297 217 4383 igitur
252 4275 427 4360 duumviris
460 4293 639 4380 theologiae
670 4296 703 4358 ιιι
732 4294 904 4362 Academia
934 4297 1141 4382 Groningana
