2875 5075
761 492 825 553 242

279 666 399 751 tiquam
420 673 533 749 potest.
549 662 572 751 ¹)
596 662 732 729 tathaee
753 665 800 743 ei,
823 665 916 751 pulso
937 664 1102 749 periculo,
1123 686 1187 728 una
1208 675 1309 750 atque

279 790 425 843 constans
448 779 509 843 tuit
532 778 572 841 do
590 778 680 862 justo
711 780 833 865 patriae
863 800 971 843 amore
998 779 1163 843 sententio,
1205 780 1309 841 Testis

278 904 325 955 est
344 891 412 975 ejus
433 892 473 956 ad
490 892 593 957 filium
614 892 782 979 Epistola
800 916 829 959 a.
851 894 938 958 1834
961 892 1027 956 ruri
1047 892 1183 976 scripta,
1210 912 1309 977 quem

277 1005 365 1070 huno
388 1008 514 1091 paterni
541 1007 574 1070 in
601 1008 705 1093 ipsum
724 1008 841 1071 amorio
863 1018 1056 1093 perpetuum
1075 1006 1195 1070 habero
1212 1004 1310 1089 jussit
1356 1046 1361 1051 -

279 1132 522 1185 mouumentum
540 1122 738 1208 egregiaque
753 1124 876 1186 ornavit
893 1121 1150 1208 gravissimorum
1171 1121 1310 1199 monito-

282 1256 353 1298 rum
375 1236 477 1320 oopis.
502 1236 539 1299 In
560 1236 678 1322 quibus
698 1236 778 1322 quid
796 1238 929 1315 melius,
942 1236 1022 1322 quid
1038 1235 1106 1299 filio
1123 1246 1154 1297 at
1172 1256 1310 1320 gonera-

279 1349 336 1429 sis,
353 1372 434 1436 quos
448 1350 504 1413 ille
515 1350 713 1436 alloquitur,
731 1351 903 1433 juvenibus
920 1351 1081 1415 efficacius
1102 1371 1256 1435 umquam
1267 1348 1310 1413 ad

276 1462 539 1549 persuadendum
559 1466 619 1529 erit
634 1486 731 1550 quam
752 1465 832 1530 haee
852 1466 928 1529 boni
946 1466 1024 1529 civis
1035 1465 1158 1529 verba?
1175 1465 1311 1549 «Decet

277 1598 333 1642 voe
353 1589 506 1642 servotum
529 1580 682 1663 patriam,
708 1579 774 1642 imo
793 1589 954 1658 renatam,
977 1579 1311 1665 quibuscumquepa-

280 1692 367 1754 testis
389 1692 505 1771 rebus,
530 1713 663 1756 ornare:
687 1693 818 1777 potestis
844 1704 953 1757 autem
977 1693 1139 1779 moribus,
1163 1690 1312 1781 dispendi

279 1802 410 1884 ardore,
435 1804 578 1871 colendis
598 1804 756 1870 doctrinis
776 1806 962 1892 quibusque
987 1807 1151 1886 maximis,
1185 1806 1311 1869 meritis

279 1920 312 1981 iu
335 1940 384 1982 res
406 1919 475 2002 ojus
504 1920 716 2006 gravissimus:
741 1919 968 2000 tusscorum,
990 1921 1141 2007 inquam5
1166 1920 1312 1984 officium

279 2043 325 2097 est
342 2044 373 2096 et
391 2055 505 2097 ornare
529 2035 664 2119 patrium
685 2045 857 2120 otpertum
876 2034 945 2117 ejus
970 2034 1105 2121 glorium
1132 2056 1254 2120 augere
1278 2046 1312 2097 ot

281 2146 482 2212 confirmare.
519 2149 599 2212 Nam
618 2148 910 2241 nobisxsenioribus
932 2169 986 2213 vos
1009 2150 1082 2214 estis
1104 2149 1219 2227 brevi,
1246 2147 1311 2213 hoo

246 2304 249 2313 s
278 2263 348 2345 ipso
365 2263 475 2325 aetatis
499 2262 576 2326 flore
603 2274 634 2326 ot
661 2264 788 2349 vigore,
813 2265 1012 2343 successuri,
1034 2274 1071 2327 ut
1099 2275 1219 2328 vosmet
1241 2263 1310 2345 jam

278 2377 413 2440 maxime
436 2378 585 2461 respiciat
605 2378 709 2462 putria
733 2390 851 2443 nostra.
885 2378 987 2463 Ipsam
1009 2378 1086 2443 mihi
1108 2378 1217 2441 videar
1239 2376 1311 2459 ejus

279 2512 390 2557 vocem
423 2489 554 2572 audire,
590 2512 685 2571 cum,
714 2493 817 2557 oculis
845 2493 879 2556 in
909 2503 1029 2557 vosmet
1055 2493 1233 2572 conversis,
1263 2492 1311 2556 sic

277 2607 379 2672 futur:
395 2609 442 2674 ,iu
462 2621 576 2672 oestro
595 2610 763 2687 ecaritate,
785 2608 1028 2688 adolescentes,
1048 2611 1311 2695 vestrisque'op·

279 2723 450 2784 timorum
468 2725 605 2786 ortium
624 2722 757 2787 studiis
780 2726 973 2809 acquiesco:
998 2722 1079 2785 isiae
1098 2721 1191 2784 milei
1207 2744 1310 2784 orua-

279 2848 448 2915 mentum,
469 2835 552 2900 ltine
566 2836 788 2920 praesidium
809 2850 982 2922 eospeoto3
1006 2836 1082 2915 sed,
1105 2860 1147 2899 aa
1157 2835 1311 2923 frustra

279 2961 480 3034 exspectem,
503 2973 560 3012 aas
580 2961 737 3015 cavetote.
772 2950 845 3014 Dos
869 2963 919 3014 est
943 2973 1090 3039 magua,
1112 2974 1198 3037 quoe
1216 2949 1310 3013 uobis

279 3063 425 3151 obtigit,
445 3065 649 3148 parantium
668 3067 804 3130 virtus.-
829 3064 891 3130 loao
907 3080 1033 3130 vosmet
1056 3065 1183 3152 dignos
1202 3088 1305 3150 proe-

277 3190 385 3257 stote‚
405 3201 463 3240 seeo
481 3190 620 3242 tautum
650 3178 771 3242 litoris
794 3179 996 3266 artibusque
1016 3179 1212 3266 majoribus
1233 3179 1308 3242 iau-

277 3291 445 3356 dolsiiites·
462 3292 676 3373 troataudis,
695 3292 783 3356 uude
808 3295 888 3381 quis
906 3286 1047 3358 sibimet
1065 3296 1138 3379 ipsi
1155 3294 1310 3380 mihique

275 3407 433 3494 gloriam
445 3419 687 3494 consequatur,
705 3407 765 3470 sed
775 3411 890 3472 ,etiam
908 3410 1125 3495 omniumque
1143 3410 1311 3487 maxime,

278 3534 319 3586 ut
340 3519 405 3584 iiii
425 3519 647 3607 factitabant
673 3523 825 3608 majores
850 3525 973 3603 uestri,
1004 3526 1135 3607 uirtute
1160 3521 1309 3586 colenda.

280 3631 441 3698 Gloriam
467 3657 527 3721 ego
557 3658 745 3722 numquam
766 3649 951 3723 aspernata
973 3661 1069 3716 sum,
1096 3637 1155 3701 sed
1172 3637 1311 3701 nuttam

276 3751 466 3833 aonaaptvt,
491 3751 567 3812 uisi
591 3773 676 3836 quae
700 3753 841 3814 meritis
863 3763 947 3815 esset
972 3754 1149 3838 quaesito3
1169 3754 1312 3814 meritis

312 4046 337 4112 1)
356 4047 524 4113 Aassoprokess
538 4067 589 4098 aaa
604 4051 635 4099 de
648 4053 915 4121 orijsos'tiigojogors,
929 4052 1070 4101 Stuiooten
1084 4052 1130 4102 dor
1146 4053 1312 4101 Utreohtsoise

278 4131 466 4198 Hoogeseisoot‚
486 4142 510 4184 te
529 4137 718 4186 Hiloareuieok
737 4135 837 4202 Mag.
857 4154 887 4187 oo
906 4145 931 4187 to
948 4140 1069 4186 Oirsoisot
1087 4137 1120 4187 22
1136 4139 1207 4204 Aug.
1227 4138 1310 4200 1831,

278 4231 326 4265 von
343 4217 387 4265 Ph.
405 4219 447 4267 W.
465 4220 519 4268 Vun
537 4223 645 4270 Heuode.
