<?xml version="1.0" encoding="UTF-8"?>
<!DOCTYPE html PUBLIC "-//W3C//DTD XHTML 1.0 Transitional//EN"
    "http://www.w3.org/TR/xhtml1/DTD/xhtml1-transitional.dtd">
<html xmlns="http://www.w3.org/1999/xhtml" xml:lang="en" lang="en">
 <head>
  <title>
</title>
<meta http-equiv="Content-Type" content="text/html;charset=utf-8" />
  <meta name='ocr-system' content='tesseract 3.04.00' />
  <meta name='ocr-capabilities' content='ocr_page ocr_carea ocr_par ocr_line ocrx_word'/>
</head>
<body>
  <div class='ocr_page' id='page_1' title='image "./memoriaheusdii00rovegoog_0029.png"; bbox 0 0 2875 5075; ppageno 0'>
   <div class='ocr_carea' id='block_1_1' title="bbox 265 677 1300 1449">
    <p class='ocr_par' dir='ltr' id='par_1_1' title="bbox 265 677 1300 1449">
     <span class='ocr_line' id='line_1_1' title="bbox 265 677 1299 768; baseline -0.01 -17"><span class='ocrx_word' id='word_1_1' title='bbox 265 680 352 768; x_wconf 83' lang='lat' dir='ltr'><strong>quod</strong></span> <span class='ocrx_word' id='word_1_2' title='bbox 383 699 588 768; x_wconf 86' lang='lat' dir='ltr'><strong>quemquam·</strong></span> <span class='ocrx_word' id='word_1_3' title='bbox 602 678 795 764; x_wconf 83' lang='lat' dir='ltr'><strong>poeniteret.</strong></span> <span class='ocrx_word' id='word_1_4' title='bbox 818 677 1056 747; x_wconf 71' lang='lat' dir='ltr'><strong>consuetudine</strong></span> <span class='ocrx_word' id='word_1_5' title='bbox 1081 679 1167 745; x_wconf 90' lang='lat' dir='ltr'><strong>enim</strong></span> <span class='ocrx_word' id='word_1_6' title='bbox 1185 678 1299 743; x_wconf 87' lang='lat' dir='ltr'><strong>misce·</strong></span> 
     </span>
     <span class='ocr_line' id='line_1_2' title="bbox 265 793 1296 877; baseline -0.008 -12"><span class='ocrx_word' id='word_1_7' title='bbox 265 796 321 865; x_wconf 79' lang='lat' dir='ltr'><strong>bat</strong></span> <span class='ocrx_word' id='word_1_8' title='bbox 349 797 428 863; x_wconf 90' lang='lat' dir='ltr'><strong>utile</strong></span> <span class='ocrx_word' id='word_1_9' title='bbox 456 794 548 861; x_wconf 89' lang='lat' dir='ltr'><strong>dulci</strong></span> <span class='ocrx_word' id='word_1_10' title='bbox 575 805 606 858; x_wconf 89' lang='lat' dir='ltr'><strong>et</strong></span> <span class='ocrx_word' id='word_1_11' title='bbox 635 794 679 861; x_wconf 82' lang='lat' dir='ltr'><strong>itu</strong></span> <span class='ocrx_word' id='word_1_12' title='bbox 701 803 847 877; x_wconf 88' lang='lat' dir='ltr'><strong>tempore</strong></span> <span class='ocrx_word' id='word_1_13' title='bbox 865 793 1037 872; x_wconf 84' lang='lat' dir='ltr'><strong>utebatur,</strong></span> <span class='ocrx_word' id='word_1_14' title='bbox 1063 804 1099 859; x_wconf 92' lang='lat' dir='ltr'><strong>ut</strong></span> <span class='ocrx_word' id='word_1_15' title='bbox 1119 813 1296 877; x_wconf 77' lang='lat' dir='ltr'><strong>numquam</strong></span> 
     </span>
     <span class='ocr_line' id='line_1_3' title="bbox 266 906 1296 979; baseline -0.002 -5"><span class='ocrx_word' id='word_1_16' title='bbox 266 912 297 975; x_wconf 90' lang='lat' dir='ltr'><strong>ei</strong></span> <span class='ocrx_word' id='word_1_17' title='bbox 326 932 434 979; x_wconf 89' lang='lat' dir='ltr'><strong>coram</strong></span> <span class='ocrx_word' id='word_1_18' title='bbox 460 908 572 977; x_wconf 84' lang='lat' dir='ltr'><strong>antiois</strong></span> <span class='ocrx_word' id='word_1_19' title='bbox 604 906 832 975; x_wconf 81' lang='lat' dir='ltr'><strong>confabulandi</strong></span> <span class='ocrx_word' id='word_1_20' title='bbox 853 908 985 975; x_wconf 86' lang='lat' dir='ltr'><strong>materia</strong></span> <span class='ocrx_word' id='word_1_21' title='bbox 1004 906 1138 974; x_wconf 89' lang='lat' dir='ltr'><strong>deesset.</strong></span> <span class='ocrx_word' id='word_1_22' title='bbox 1161 906 1296 975; x_wconf 79' lang='lat' dir='ltr'><strong>scilieet</strong></span> 
     </span>
     <span class='ocr_line' id='line_1_4' title="bbox 265 1019 1300 1103; baseline -0.007 -11"><span class='ocrx_word' id='word_1_23' title='bbox 265 1023 346 1092; x_wconf 79' lang='lat' dir='ltr'><strong>laceo</strong></span> <span class='ocrx_word' id='word_1_24' title='bbox 362 1024 426 1093; x_wconf 89' lang='lat' dir='ltr'><strong>rita</strong></span> <span class='ocrx_word' id='word_1_25' title='bbox 446 1034 532 1103; x_wconf 87' lang='lat' dir='ltr'><strong>erat,</strong></span> <span class='ocrx_word' id='word_1_26' title='bbox 552 1022 736 1091; x_wconf 83' lang='lat' dir='ltr'><strong>totimeute</strong></span> <span class='ocrx_word' id='word_1_27' title='bbox 748 1022 977 1090; x_wconf 82' lang='lat' dir='ltr'><strong>iucuurberein</strong></span> <span class='ocrx_word' id='word_1_28' title='bbox 990 1020 1107 1089; x_wconf 83' lang='lat' dir='ltr'><strong>studia.</strong></span> <span class='ocrx_word' id='word_1_29' title='bbox 1132 1019 1300 1103; x_wconf 84' lang='lat' dir='ltr'><strong>Quotidia-</strong></span> 
     </span>
     <span class='ocr_line' id='line_1_5' title="bbox 266 1134 1300 1222; baseline -0.012 -13"><span class='ocrx_word' id='word_1_30' title='bbox 266 1160 307 1209; x_wconf 86' lang='lat' dir='ltr'><strong>no</strong></span> <span class='ocrx_word' id='word_1_31' title='bbox 336 1137 519 1207; x_wconf 87' lang='lat' dir='ltr'><strong>scholarum</strong></span> <span class='ocrx_word' id='word_1_32' title='bbox 547 1156 645 1222; x_wconf 86' lang='lat' dir='ltr'><strong>penso</strong></span> <span class='ocrx_word' id='word_1_33' title='bbox 674 1148 799 1203; x_wconf 82' lang='lat' dir='ltr'><strong>mature</strong></span> <span class='ocrx_word' id='word_1_34' title='bbox 829 1135 1037 1205; x_wconf 82' lang='lat' dir='ltr'><strong>domesticam</strong></span> <span class='ocrx_word' id='word_1_35' title='bbox 1062 1134 1182 1218; x_wconf 78' lang='lat' dir='ltr'><strong>adjecit</strong></span> <span class='ocrx_word' id='word_1_36' title='bbox 1208 1156 1300 1199; x_wconf 88' lang='lat' dir='ltr'><strong>oom-</strong></span> 
     </span>
     <span class='ocr_line' id='line_1_6' title="bbox 265 1250 1300 1337; baseline -0.01 -16"><span class='ocrx_word' id='word_1_37' title='bbox 265 1254 511 1331; x_wconf 85' lang='lat' dir='ltr'><strong>mentatiouem,</strong></span> <span class='ocrx_word' id='word_1_38' title='bbox 535 1252 706 1337; x_wconf 75' lang='lat' dir='ltr'>scriptores</span> <span class='ocrx_word' id='word_1_39' title='bbox 724 1250 864 1333; x_wconf 82' lang='lat' dir='ltr'><strong>Graecos</strong></span> <span class='ocrx_word' id='word_1_40' title='bbox 878 1251 1065 1329; x_wconf 79' lang='lat' dir='ltr'><strong>attatinos,</strong></span> <span class='ocrx_word' id='word_1_41' title='bbox 1089 1250 1300 1334; x_wconf 86' lang='lat' dir='ltr'><strong>omniumque</strong></span> 
     </span>
     <span class='ocr_line' id='line_1_7' title="bbox 265 1362 1299 1449; baseline -0.006 -16"><span class='ocrx_word' id='word_1_42' title='bbox 265 1367 400 1435; x_wconf 81' lang='lat' dir='ltr'><strong>marimo</strong></span> <span class='ocrx_word' id='word_1_43' title='bbox 422 1367 587 1433; x_wconf 84' lang='lat' dir='ltr'><strong>Platonem</strong></span> <span class='ocrx_word' id='word_1_44' title='bbox 607 1376 639 1429; x_wconf 90' lang='lat' dir='ltr'><strong>et</strong></span> <span class='ocrx_word' id='word_1_45' title='bbox 659 1362 871 1442; x_wconf 83' lang='lat' dir='ltr'><strong>Ciceronem,</strong></span> <span class='ocrx_word' id='word_1_46' title='bbox 903 1376 1056 1433; x_wconf 86' lang='lat' dir='ltr'><strong>accurate</strong></span> <span class='ocrx_word' id='word_1_47' title='bbox 1074 1364 1183 1449; x_wconf 80' lang='lat' dir='ltr'><strong>legere</strong></span> <span class='ocrx_word' id='word_1_48' title='bbox 1202 1363 1299 1427; x_wconf 85' lang='lat' dir='ltr'><strong>iusti-</strong></span> 
     </span>
    </p>
   </div>
   <div class='ocr_carea' id='block_1_2' title="bbox 55 1477 1300 1565">
    <p class='ocr_par' dir='ltr' id='par_1_2' title="bbox 55 1477 1300 1565">
     <span class='ocr_line' id='line_1_8' title="bbox 55 1477 1300 1565; baseline -0.011 -12"><span class='ocrx_word' id='word_1_49' title='bbox 55 1488 61 1497; x_wconf 82' lang='lat'>&#39;</span> <span class='ocrx_word' id='word_1_50' title='bbox 151 1543 154 1551; x_wconf 93' lang='lat'><em>.</em></span> <span class='ocrx_word' id='word_1_51' title='bbox 265 1480 327 1551; x_wconf 81' lang='lat' dir='ltr'><strong>tuit</strong></span> <span class='ocrx_word' id='word_1_52' title='bbox 353 1479 646 1565; x_wconf 74' lang='lat' dir='ltr'><strong>convenienterque</strong></span> <span class='ocrx_word' id='word_1_53' title='bbox 678 1478 922 1563; x_wconf 74' lang='lat' dir='ltr'><strong>Wyttenbachii</strong></span> <span class='ocrx_word' id='word_1_54' title='bbox 947 1477 1127 1564; x_wconf 77' lang='lat' dir='ltr'><strong>praeceptis</strong></span> <span class='ocrx_word' id='word_1_55' title='bbox 1148 1477 1182 1541; x_wconf 90' lang='lat' dir='ltr'><strong>in</strong></span> <span class='ocrx_word' id='word_1_56' title='bbox 1207 1498 1300 1562; x_wconf 86' lang='lat' dir='ltr'><strong>prae·</strong></span> 
     </span>
    </p>
   </div>
   <div class='ocr_carea' id='block_1_3' title="bbox 264 1589 1429 2479">
    <p class='ocr_par' dir='ltr' id='par_1_3' title="bbox 264 1589 1429 2479">
     <span class='ocr_line' id='line_1_9' title="bbox 264 1589 1300 1678; baseline -0.003 -20"><span class='ocrx_word' id='word_1_57' title='bbox 264 1594 383 1661; x_wconf 85' lang='lat' dir='ltr'><strong>tatione</strong></span> <span class='ocrx_word' id='word_1_58' title='bbox 414 1592 455 1659; x_wconf 89' lang='lat' dir='ltr'><strong>ad</strong></span> <span class='ocrx_word' id='word_1_59' title='bbox 487 1593 698 1678; x_wconf 78' lang='lat' dir='ltr'><strong>Principum</strong></span> <span class='ocrx_word' id='word_1_60' title='bbox 730 1593 988 1661; x_wconf 74' lang='lat' dir='ltr'><strong>Historieomtm</strong></span> <span class='ocrx_word' id='word_1_61' title='bbox 1015 1590 1145 1659; x_wconf 84' lang='lat' dir='ltr'><strong>Soleota</strong></span> <span class='ocrx_word' id='word_1_62' title='bbox 1156 1617 1171 1671; x_wconf 90' lang='lat'><strong>,·</strong></span> <span class='ocrx_word' id='word_1_63' title='bbox 1205 1589 1300 1671; x_wconf 87' lang='lat' dir='ltr'><strong>cujus</strong></span> 
     </span>
     <span class='ocr_line' id='line_1_10' title="bbox 265 1701 1299 1792; baseline -0.002 -21"><span class='ocrx_word' id='word_1_64' title='bbox 265 1708 324 1773; x_wconf 88' lang='lat' dir='ltr'><strong>riri</strong></span> <span class='ocrx_word' id='word_1_65' title='bbox 344 1708 547 1792; x_wconf 80' lang='lat' dir='ltr'><strong>scriptulum</strong></span> <span class='ocrx_word' id='word_1_66' title='bbox 566 1706 649 1785; x_wconf 83' lang='lat' dir='ltr'><strong>alia,</strong></span> <span class='ocrx_word' id='word_1_67' title='bbox 672 1716 743 1774; x_wconf 83' lang='lat' dir='ltr'><strong>&#39;tum</strong></span> <span class='ocrx_word' id='word_1_68' title='bbox 764 1706 998 1777; x_wconf 83' lang='lat' dir='ltr'><strong>Bibliothecam</strong></span> <span class='ocrx_word' id='word_1_69' title='bbox 1016 1707 1191 1784; x_wconf 87' lang='lat' dir='ltr'><strong>Critioam,</strong></span> <span class='ocrx_word' id='word_1_70' title='bbox 1216 1701 1299 1770; x_wconf 82' lang='lat' dir='ltr'><strong>Gen-</strong></span> 
     </span>
     <span class='ocr_line' id='line_1_11' title="bbox 266 1819 1299 1908; baseline -0.008 -17"><span class='ocrx_word' id='word_1_71' title='bbox 266 1842 354 1891; x_wconf 85' lang='lat' dir='ltr'><strong>auras</strong></span> <span class='ocrx_word' id='word_1_72' title='bbox 379 1822 552 1908; x_wconf 75' lang='lat' dir='ltr'><strong>praecipue</strong></span> <span class='ocrx_word' id='word_1_73' title='bbox 574 1820 736 1907; x_wconf 86' lang='lat' dir='ltr'><strong>Euripidis</strong></span> <span class='ocrx_word' id='word_1_74' title='bbox 759 1822 973 1907; x_wconf 79' lang='lat' dir='ltr'><strong>idusgrariani</strong></span> <span class='ocrx_word' id='word_1_75' title='bbox 994 1832 1028 1887; x_wconf 91' lang='lat' dir='ltr'><strong>et</strong></span> <span class='ocrx_word' id='word_1_76' title='bbox 1055 1819 1218 1887; x_wconf 76' lang='lat' dir='ltr'><strong>Ciceronis</strong></span> <span class='ocrx_word' id='word_1_77' title='bbox 1242 1820 1299 1887; x_wconf 87' lang='lat' dir='ltr'><strong>Er·</strong></span> 
     </span>
     <span class='ocr_line' id='line_1_12' title="bbox 266 1935 1429 2022; baseline -0.003 -19"><span class='ocrx_word' id='word_1_78' title='bbox 266 1937 400 2015; x_wconf 81' lang='lat' dir='ltr'><strong>cestini,</strong></span> <span class='ocrx_word' id='word_1_79' title='bbox 432 1946 502 2003; x_wconf 88' lang='lat' dir='ltr'><strong>tum</strong></span> <span class='ocrx_word' id='word_1_80' title='bbox 531 1956 605 2001; x_wconf 84' lang='lat' dir='ltr'><strong>rero</strong></span> <span class='ocrx_word' id='word_1_81' title='bbox 626 1956 697 2003; x_wconf 84' lang='lat' dir='ltr'><strong>eam</strong></span> <span class='ocrx_word' id='word_1_82' title='bbox 716 1936 818 2022; x_wconf 81' lang='lat' dir='ltr'><strong>ipram</strong></span> <span class='ocrx_word' id='word_1_83' title='bbox 833 1936 1062 2021; x_wconf 71' lang='lat' dir='ltr'><strong>praefationem</strong></span> <span class='ocrx_word' id='word_1_84' title='bbox 1081 1935 1220 2002; x_wconf 87' lang='lat' dir='ltr'><strong>lectione</strong></span> <span class='ocrx_word' id='word_1_85' title='bbox 1236 1935 1300 1999; x_wconf 86' lang='lat' dir='ltr'><strong>fre·</strong></span> <span class='ocrx_word' id='word_1_86' title='bbox 1428 2003 1429 2022; x_wconf 16' lang='grc' dir='ltr'>ζ</span> 
     </span>
     <span class='ocr_line' id='line_1_13' title="bbox 266 2027 1429 2137; baseline -0.003 -21"><span class='ocrx_word' id='word_1_87' title='bbox 266 2050 452 2136; x_wconf 76' lang='lat' dir='ltr'><strong>queritabat.</strong></span> <span class='ocrx_word' id='word_1_88' title='bbox 476 2048 537 2117; x_wconf 87' lang='lat' dir='ltr'><strong>llla</strong></span> <span class='ocrx_word' id='word_1_89' title='bbox 556 2050 708 2117; x_wconf 88' lang='lat' dir='ltr'><strong>orationis</strong></span> <span class='ocrx_word' id='word_1_90' title='bbox 730 2050 897 2130; x_wconf 69' lang='lat' dir='ltr'><strong>entitate,</strong></span> <span class='ocrx_word' id='word_1_91' title='bbox 920 2050 1096 2129; x_wconf 73' lang='lat' dir='ltr'><strong>facilitate,</strong></span> <span class='ocrx_word' id='word_1_92' title='bbox 1120 2048 1299 2137; x_wconf 81' lang='lat' dir='ltr'><strong>elegantia,</strong></span> <span class='ocrx_word' id='word_1_93' title='bbox 1382 2121 1385 2127; x_wconf 53' lang='grc'><strong>,</strong></span> <span class='ocrx_word' id='word_1_94' title='bbox 1428 2027 1429 2106; x_wconf 55' lang='lat' dir='ltr'><strong>l</strong></span> 
     </span>
     <span class='ocr_line' id='line_1_14' title="bbox 265 2144 1300 2251; baseline -0.002 -20"><span class='ocrx_word' id='word_1_95' title='bbox 265 2164 322 2231; x_wconf 87' lang='lat' dir='ltr'><strong>illa</strong></span> <span class='ocrx_word' id='word_1_96' title='bbox 351 2164 546 2231; x_wconf 79' lang='lat' dir='ltr'><strong>monitorum</strong></span> <span class='ocrx_word' id='word_1_97' title='bbox 572 2162 765 2248; x_wconf 81' lang='lat' dir='ltr'><strong>praestantia</strong></span> <span class='ocrx_word' id='word_1_98' title='bbox 798 2172 831 2232; x_wconf 86' lang='lat' dir='ltr'><strong>ct</strong></span> <span class='ocrx_word' id='word_1_99' title='bbox 847 2164 942 2251; x_wconf 85' lang='lat' dir='ltr'><strong>copia</strong></span> <span class='ocrx_word' id='word_1_100' title='bbox 958 2144 1189 2250; x_wconf 80' lang='lat' dir='ltr'><strong>exemplorum</strong></span> <span class='ocrx_word' id='word_1_101' title='bbox 1201 2172 1300 2249; x_wconf 88' lang='lat' dir='ltr'><strong>atque</strong></span> 
     </span>
     <span class='ocr_line' id='line_1_15' title="bbox 265 2277 1300 2363; baseline -0.002 -18"><span class='ocrx_word' id='word_1_102' title='bbox 265 2278 514 2357; x_wconf 85' lang='lat' dir='ltr'><strong>sententiarum,</strong></span> <span class='ocrx_word' id='word_1_103' title='bbox 547 2278 604 2345; x_wconf 85' lang='lat' dir='ltr'><strong>illa</strong></span> <span class='ocrx_word' id='word_1_104' title='bbox 639 2277 891 2362; x_wconf 81' lang='lat' dir='ltr'><strong>disputationum</strong></span> <span class='ocrx_word' id='word_1_105' title='bbox 912 2277 955 2343; x_wconf 90' lang='lat' dir='ltr'><strong>de</strong></span> <span class='ocrx_word' id='word_1_106' title='bbox 972 2277 1112 2363; x_wconf 88' lang='lat' dir='ltr'><strong>antiquis</strong></span> <span class='ocrx_word' id='word_1_107' title='bbox 1133 2278 1300 2363; x_wconf 82' lang='lat' dir='ltr'><strong>scriptori·</strong></span> 
     </span>
     <span class='ocr_line' id='line_1_16' title="bbox 265 2391 1299 2479; baseline 0.005 -25"><span class='ocrx_word' id='word_1_108' title='bbox 265 2391 326 2457; x_wconf 86' lang='lat' dir='ltr'><strong>bus</strong></span> <span class='ocrx_word' id='word_1_109' title='bbox 353 2392 522 2472; x_wconf 83' lang='lat' dir='ltr'><strong>ubertate,</strong></span> <span class='ocrx_word' id='word_1_110' title='bbox 546 2414 630 2478; x_wconf 89' lang='lat' dir='ltr'><strong>quae</strong></span> <span class='ocrx_word' id='word_1_111' title='bbox 649 2413 687 2459; x_wconf 90' lang='lat' dir='ltr'><strong>eo</strong></span> <span class='ocrx_word' id='word_1_112' title='bbox 709 2404 852 2479; x_wconf 89' lang='lat' dir='ltr'><strong>tempore</strong></span> <span class='ocrx_word' id='word_1_113' title='bbox 870 2392 1045 2475; x_wconf 79' lang='lat' dir='ltr'><strong>juvenibus</strong></span> <span class='ocrx_word' id='word_1_114' title='bbox 1060 2392 1172 2461; x_wconf 83' lang='lat' dir='ltr'><strong>saltem</strong></span> <span class='ocrx_word' id='word_1_115' title='bbox 1190 2392 1226 2459; x_wconf 90' lang='lat' dir='ltr'><strong>in</strong></span> <span class='ocrx_word' id='word_1_116' title='bbox 1241 2392 1299 2459; x_wconf 86' lang='lat' dir='ltr'><strong>bo·</strong></span> 
     </span>
    </p>
   </div>
   <div class='ocr_carea' id='block_1_4' title="bbox 266 2503 1429 2600">
    <p class='ocr_par' dir='ltr' id='par_1_4' title="bbox 266 2503 1429 2600">
     <span class='ocr_line' id='line_1_17' title="bbox 266 2503 1429 2600; baseline -0.004 -26"><span class='ocrx_word' id='word_1_117' title='bbox 266 2526 381 2574; x_wconf 82' lang='lat' dir='ltr'><strong>norum</strong></span> <span class='ocrx_word' id='word_1_118' title='bbox 400 2504 659 2574; x_wconf 85' lang='lat' dir='ltr'><strong>Euchiridiorum</strong></span> <span class='ocrx_word' id='word_1_119' title='bbox 678 2506 787 2592; x_wconf 84' lang='lat' dir='ltr'><strong>iuopia</strong></span> <span class='ocrx_word' id='word_1_120' title='bbox 806 2527 904 2575; x_wconf 85' lang='lat' dir='ltr'><strong>novae</strong></span> <span class='ocrx_word' id='word_1_121' title='bbox 919 2506 1128 2586; x_wconf 84' lang='lat' dir='ltr'><strong>accidebant,</strong></span> <span class='ocrx_word' id='word_1_122' title='bbox 1151 2508 1301 2594; x_wconf 80' lang='lat' dir='ltr'><strong>Wytten·</strong></span> <span class='ocrx_word' id='word_1_123' title='bbox 1372 2594 1375 2600; x_wconf 24' lang='grc' dir='ltr'>Ι</span> <span class='ocrx_word' id='word_1_124' title='bbox 1428 2503 1429 2506; x_wconf 71' lang='grc'>’</span> 
     </span>
    </p>
   </div>
   <div class='ocr_carea' id='block_1_5' title="bbox 267 2619 1300 3845">
    <p class='ocr_par' dir='ltr' id='par_1_5' title="bbox 267 2619 1300 3845">
     <span class='ocr_line' id='line_1_18' title="bbox 267 2619 1300 2712; baseline 0 -26"><span class='ocrx_word' id='word_1_125' title='bbox 267 2619 442 2688; x_wconf 87' lang='lat' dir='ltr'><strong>bachianae</strong></span> <span class='ocrx_word' id='word_1_126' title='bbox 467 2621 596 2712; x_wconf 86' lang='lat' dir='ltr'><strong>omnino</strong></span> <span class='ocrx_word' id='word_1_127' title='bbox 624 2621 755 2688; x_wconf 89' lang='lat' dir='ltr'><strong>rationis</strong></span> <span class='ocrx_word' id='word_1_128' title='bbox 780 2633 814 2686; x_wconf 89' lang='lat' dir='ltr'><strong>et</strong></span> <span class='ocrx_word' id='word_1_129' title='bbox 838 2622 988 2689; x_wconf 72' lang='lat' dir='ltr'><strong>orationis</strong></span> <span class='ocrx_word' id='word_1_130' title='bbox 1014 2621 1163 2688; x_wconf 88' lang='lat' dir='ltr'><strong>laudibus</strong></span> <span class='ocrx_word' id='word_1_131' title='bbox 1192 2633 1300 2688; x_wconf 85' lang='lat' dir='ltr'><strong>atten-</strong></span> 
     </span>
     <span class='ocr_line' id='line_1_19' title="bbox 268 2731 1299 2821; baseline 0.006 -25"><span class='ocrx_word' id='word_1_132' title='bbox 268 2731 379 2800; x_wconf 86' lang='lat' dir='ltr'><strong>dendis</strong></span> <span class='ocrx_word' id='word_1_133' title='bbox 410 2744 442 2800; x_wconf 89' lang='lat' dir='ltr'><strong>et</strong></span> <span class='ocrx_word' id='word_1_134' title='bbox 463 2732 655 2800; x_wconf 83' lang='lat' dir='ltr'><strong>meditandis</strong></span> <span class='ocrx_word' id='word_1_135' title='bbox 682 2734 791 2801; x_wconf 85' lang='lat' dir='ltr'><strong>satiari</strong></span> <span class='ocrx_word' id='word_1_136' title='bbox 817 2735 904 2801; x_wconf 88' lang='lat' dir='ltr'><strong>haud</strong></span> <span class='ocrx_word' id='word_1_137' title='bbox 931 2744 1067 2821; x_wconf 85' lang='lat' dir='ltr'><strong>poterat.</strong></span> <span class='ocrx_word' id='word_1_138' title='bbox 1109 2733 1170 2802; x_wconf 82' lang='lat' dir='ltr'><strong>cui</strong></span> <span class='ocrx_word' id='word_1_139' title='bbox 1192 2734 1299 2820; x_wconf 88' lang='lat' dir='ltr'><strong>justae</strong></span> 
     </span>
     <span class='ocr_line' id='line_1_20' title="bbox 267 2841 1298 2934; baseline 0.004 -20"><span class='ocrx_word' id='word_1_140' title='bbox 267 2847 399 2914; x_wconf 86' lang='lat' dir='ltr'><strong>lectioni</strong></span> <span class='ocrx_word' id='word_1_141' title='bbox 418 2868 520 2934; x_wconf 86' lang='lat' dir='ltr'><strong>quum</strong></span> <span class='ocrx_word' id='word_1_142' title='bbox 540 2847 693 2933; x_wconf 84' lang='lat' dir='ltr'><strong>frequens</strong></span> <span class='ocrx_word' id='word_1_143' title='bbox 715 2841 848 2934; x_wconf 86' lang='lat' dir='ltr'><strong>scriptio</strong></span> <span class='ocrx_word' id='word_1_144' title='bbox 870 2849 1062 2931; x_wconf 80' lang='lat' dir='ltr'><strong>recederet,</strong></span> <span class='ocrx_word' id='word_1_145' title='bbox 1093 2872 1164 2918; x_wconf 85' lang='lat' dir='ltr'><strong>eam</strong></span> <span class='ocrx_word' id='word_1_146' title='bbox 1181 2851 1298 2918; x_wconf 89' lang='lat' dir='ltr'><strong>sensim</strong></span> 
     </span>
     <span class='ocr_line' id='line_1_21' title="bbox 267 2960 1297 3051; baseline 0.004 -23"><span class='ocrx_word' id='word_1_147' title='bbox 267 2960 396 3030; x_wconf 69' lang='lat' dir='ltr'><strong>monae</strong></span> <span class='ocrx_word' id='word_1_148' title='bbox 415 2961 567 3029; x_wconf 85' lang='lat' dir='ltr'><strong>orationis</strong></span> <span class='ocrx_word' id='word_1_149' title='bbox 583 2961 644 3028; x_wconf 85' lang='lat' dir='ltr'><strong>sibi</strong></span> <span class='ocrx_word' id='word_1_150' title='bbox 660 2963 868 3051; x_wconf 85' lang='lat' dir='ltr'><strong>comparabat</strong></span> <span class='ocrx_word' id='word_1_151' title='bbox 881 2963 1080 3043; x_wconf 85' lang='lat' dir='ltr'><strong>bonitatem,</strong></span> <span class='ocrx_word' id='word_1_152' title='bbox 1103 2985 1202 3051; x_wconf 87' lang='lat' dir='ltr'><strong>quam</strong></span> <span class='ocrx_word' id='word_1_153' title='bbox 1218 2987 1297 3032; x_wconf 86' lang='lat' dir='ltr'><strong>con·</strong></span> 
     </span>
     <span class='ocr_line' id='line_1_22' title="bbox 268 3073 1300 3166; baseline 0.009 -27"><span class='ocrx_word' id='word_1_154' title='bbox 268 3073 418 3161; x_wconf 89' lang='lat' dir='ltr'><strong>discipuli</strong></span> <span class='ocrx_word' id='word_1_155' title='bbox 445 3074 699 3155; x_wconf 85' lang='lat' dir='ltr'><strong>admirarentur,</strong></span> <span class='ocrx_word' id='word_1_156' title='bbox 744 3075 891 3145; x_wconf 90' lang='lat' dir='ltr'><strong>laudaret</strong></span> <span class='ocrx_word' id='word_1_157' title='bbox 920 3079 1202 3166; x_wconf 82' lang='lat' dir='ltr'><strong>Wyttenbachius.</strong></span> <span class='ocrx_word' id='word_1_158' title='bbox 1246 3081 1300 3148; x_wconf 86' lang='lat' dir='ltr'><strong>Si·</strong></span> 
     </span>
     <span class='ocr_line' id='line_1_23' title="bbox 267 3189 1298 3277; baseline 0.003 -22"><span class='ocrx_word' id='word_1_159' title='bbox 267 3189 336 3255; x_wconf 89' lang='lat' dir='ltr'><strong>mul</strong></span> <span class='ocrx_word' id='word_1_160' title='bbox 369 3200 531 3258; x_wconf 87' lang='lat' dir='ltr'><strong>strenuam</strong></span> <span class='ocrx_word' id='word_1_161' title='bbox 561 3189 698 3258; x_wconf 78' lang='lat' dir='ltr'><strong>navabat</strong></span> <span class='ocrx_word' id='word_1_162' title='bbox 727 3212 857 3277; x_wconf 82' lang='lat' dir='ltr'><strong>operam</strong></span> <span class='ocrx_word' id='word_1_163' title='bbox 885 3193 1102 3260; x_wconf 84' lang='lat' dir='ltr'><strong>recentiorum</strong></span> <span class='ocrx_word' id='word_1_164' title='bbox 1132 3194 1234 3261; x_wconf 80' lang='lat' dir='ltr'><strong>literis</strong></span> <span class='ocrx_word' id='word_1_165' title='bbox 1264 3207 1298 3259; x_wconf 91' lang='lat' dir='ltr'><strong>et</strong></span> 
     </span>
     <span class='ocr_line' id='line_1_24' title="bbox 268 3302 1297 3392; baseline 0.009 -25"><span class='ocrx_word' id='word_1_166' title='bbox 268 3325 344 3372; x_wconf 84' lang='lat' dir='ltr'><strong>sero</strong></span> <span class='ocrx_word' id='word_1_167' title='bbox 371 3302 611 3391; x_wconf 88' lang='lat' dir='ltr'><strong>philosophiae,</strong></span> <span class='ocrx_word' id='word_1_168' title='bbox 650 3315 750 3392; x_wconf 89' lang='lat' dir='ltr'><strong>atque</strong></span> <span class='ocrx_word' id='word_1_169' title='bbox 781 3327 820 3372; x_wconf 92' lang='lat' dir='ltr'><strong>eo</strong></span> <span class='ocrx_word' id='word_1_170' title='bbox 845 3305 916 3392; x_wconf 90' lang='lat' dir='ltr'><strong>ipso</strong></span> <span class='ocrx_word' id='word_1_171' title='bbox 943 3318 1086 3392; x_wconf 84' lang='lat' dir='ltr'><strong>tempore</strong></span> <span class='ocrx_word' id='word_1_172' title='bbox 1117 3309 1297 3389; x_wconf 87' lang='lat' dir='ltr'><strong>Baoonern,</strong></span> 
     </span>
     <span class='ocr_line' id='line_1_25' title="bbox 267 3416 1298 3506; baseline 0.002 -20"><span class='ocrx_word' id='word_1_173' title='bbox 267 3417 443 3497; x_wconf 77' lang='lat' dir='ltr'><strong>loekiam,</strong></span> <span class='ocrx_word' id='word_1_174' title='bbox 468 3416 666 3498; x_wconf 77' lang='lat' dir='ltr'><strong>Cauterium,</strong></span> <span class='ocrx_word' id='word_1_175' title='bbox 691 3418 789 3499; x_wconf 92' lang='lat' dir='ltr'><strong>alios,</strong></span> <span class='ocrx_word' id='word_1_176' title='bbox 812 3421 1008 3486; x_wconf 77' lang='lat' dir='ltr'><strong>oratiorum</strong></span> <span class='ocrx_word' id='word_1_177' title='bbox 1035 3421 1143 3492; x_wconf 88' lang='lat' dir='ltr'><strong>adhue</strong></span> <span class='ocrx_word' id='word_1_178' title='bbox 1170 3421 1298 3506; x_wconf 87' lang='lat' dir='ltr'><strong>judicio</strong></span> 
     </span>
     <span class='ocr_line' id='line_1_26' title="bbox 269 3531 1296 3622; baseline 0.006 -24"><span class='ocrx_word' id='word_1_179' title='bbox 269 3531 434 3618; x_wconf 84' lang='lat' dir='ltr'><strong>cognitos,</strong></span> <span class='ocrx_word' id='word_1_180' title='bbox 464 3532 548 3618; x_wconf 91' lang='lat' dir='ltr'><strong>ipsos</strong></span> <span class='ocrx_word' id='word_1_181' title='bbox 573 3532 681 3620; x_wconf 78' lang='lat' dir='ltr'><strong>legere</strong></span> <span class='ocrx_word' id='word_1_182' title='bbox 704 3533 855 3602; x_wconf 84' lang='lat' dir='ltr'><strong>instituit.</strong></span> <span class='ocrx_word' id='word_1_183' title='bbox 887 3534 1056 3622; x_wconf 88' lang='lat' dir='ltr'><strong>Quidquid</strong></span> <span class='ocrx_word' id='word_1_184' title='bbox 1070 3536 1296 3617; x_wconf 76' lang='lat' dir='ltr'><strong>inchoaverat,</strong></span> 
     </span>
     <span class='ocr_line' id='line_1_27' title="bbox 268 3645 1297 3738; baseline 0.006 -26"><span class='ocrx_word' id='word_1_185' title='bbox 268 3645 346 3712; x_wconf 89' lang='lat' dir='ltr'><strong>huic</strong></span> <span class='ocrx_word' id='word_1_186' title='bbox 373 3645 532 3726; x_wconf 79' lang='lat' dir='ltr'><strong>instabat,</strong></span> <span class='ocrx_word' id='word_1_187' title='bbox 566 3668 631 3712; x_wconf 86' lang='lat' dir='ltr'><strong>non</strong></span> <span class='ocrx_word' id='word_1_188' title='bbox 655 3645 810 3714; x_wconf 86' lang='lat' dir='ltr'><strong>desistens</strong></span> <span class='ocrx_word' id='word_1_189' title='bbox 837 3660 971 3735; x_wconf 86' lang='lat' dir='ltr'><strong>coepto,</strong></span> <span class='ocrx_word' id='word_1_190' title='bbox 1002 3651 1192 3738; x_wconf 84' lang='lat' dir='ltr'><strong>priusquam</strong></span> <span class='ocrx_word' id='word_1_191' title='bbox 1212 3650 1297 3718; x_wconf 88' lang='lat' dir='ltr'><strong>illud</strong></span> 
     </span>
     <span class='ocr_line' id='line_1_28' title="bbox 270 3759 1297 3845; baseline 0.007 -24"><span class='ocrx_word' id='word_1_192' title='bbox 270 3782 328 3845; x_wconf 79' lang='lat' dir='ltr'><strong>pro</strong></span> <span class='ocrx_word' id='word_1_193' title='bbox 345 3759 465 3826; x_wconf 80' lang='lat' dir='ltr'><strong>viribus</strong></span> <span class='ocrx_word' id='word_1_194' title='bbox 486 3760 684 3841; x_wconf 82' lang='lat' dir='ltr'><strong>absolverat,</strong></span> <span class='ocrx_word' id='word_1_195' title='bbox 707 3783 769 3830; x_wconf 89' lang='lat' dir='ltr'><strong>neo</strong></span> <span class='ocrx_word' id='word_1_196' title='bbox 788 3783 822 3830; x_wconf 89' lang='lat' dir='ltr'><strong>se</strong></span> <span class='ocrx_word' id='word_1_197' title='bbox 842 3760 943 3831; x_wconf 88' lang='lat' dir='ltr'><strong>rideri</strong></span> <span class='ocrx_word' id='word_1_198' title='bbox 966 3764 1120 3844; x_wconf 86' lang='lat' dir='ltr'><strong>doctum,</strong></span> <span class='ocrx_word' id='word_1_199' title='bbox 1152 3764 1207 3831; x_wconf 89' lang='lat' dir='ltr'><strong>sed</strong></span> <span class='ocrx_word' id='word_1_200' title='bbox 1225 3765 1297 3833; x_wconf 83' lang='lat' dir='ltr'><strong>lieri</strong></span> 
     </span>
    </p>
   </div>
   <div class='ocr_carea' id='block_1_6' title="bbox 270 3955 472 3967">
    <p class='ocr_par' dir='ltr' id='par_1_6' title="bbox 270 3955 472 3967">
     <span class='ocr_line' id='line_1_29' title="bbox 270 3955 472 3967; baseline -0.005 0"><span class='ocrx_word' id='word_1_201' title='bbox 270 3955 472 3967; x_wconf 78' lang='lat'><strong>——-</strong></span> 
     </span>
    </p>
   </div>
   <div class='ocr_carea' id='block_1_7' title="bbox 270 4076 1298 4316">
    <p class='ocr_par' dir='ltr' id='par_1_7' title="bbox 270 4058 1298 4316">
     <span class='ocr_line' id='line_1_30' title="bbox 270 4076 1298 4150; baseline 0.007 -25"><span class='ocrx_word' id='word_1_202' title='bbox 270 4076 412 4143; x_wconf 75' lang='lat' dir='ltr'><strong>Utrumque</strong></span> <span class='ocrx_word' id='word_1_203' title='bbox 434 4085 520 4129; x_wconf 78' lang='lat' dir='ltr'><strong>autem</strong></span> <span class='ocrx_word' id='word_1_204' title='bbox 542 4080 686 4130; x_wconf 82' lang='lat' dir='ltr'><strong>sodalitium</strong></span> <span class='ocrx_word' id='word_1_205' title='bbox 708 4095 789 4144; x_wconf 74' lang='lat' dir='ltr'><strong>qun</strong></span> <span class='ocrx_word' id='word_1_206' title='bbox 802 4097 826 4131; x_wconf 78' lang='lat' dir='ltr'><strong>a.</strong></span> <span class='ocrx_word' id='word_1_207' title='bbox 843 4079 912 4132; x_wconf 72' lang='lat'><strong>18⁰8</strong></span> <span class='ocrx_word' id='word_1_208' title='bbox 924 4081 1056 4132; x_wconf 72' lang='lat' dir='ltr'><strong>eulaerat</strong></span> <span class='ocrx_word' id='word_1_209' title='bbox 1070 4083 1161 4134; x_wconf 85' lang='lat' dir='ltr'><strong>titulo:</strong></span> <span class='ocrx_word' id='word_1_210' title='bbox 1179 4085 1298 4150; x_wconf 68' lang='grc' dir='ltr'><strong>οἰμω</strong></span> 
     </span>
     <span class='ocr_line' id='line_1_31' title="bbox 271 4164 1298 4228; baseline 0.01 -18"><span class='ocrx_word' id='word_1_211' title='bbox 271 4164 417 4228; x_wconf 78' lang='lat' dir='ltr'><strong>concordio,</strong></span> <span class='ocrx_word' id='word_1_212' title='bbox 442 4179 499 4215; x_wconf 82' lang='lat' dir='ltr'><strong>mox</strong></span> <span class='ocrx_word' id='word_1_213' title='bbox 519 4165 669 4228; x_wconf 69' lang='lat' dir='ltr'><strong>repentibus</strong></span> <span class='ocrx_word' id='word_1_214' title='bbox 690 4167 819 4218; x_wconf 73' lang='lat' dir='ltr'><strong>sodalibus</strong></span> <span class='ocrx_word' id='word_1_215' title='bbox 839 4167 900 4218; x_wconf 71' lang='lat' dir='ltr'><strong>haec</strong></span> <span class='ocrx_word' id='word_1_216' title='bbox 917 4168 951 4216; x_wconf 79' lang='lat' dir='ltr'><strong>ab</strong></span> <span class='ocrx_word' id='word_1_217' title='bbox 972 4169 1083 4218; x_wconf 70' lang='lat' dir='ltr'><strong>leurdio</strong></span> <span class='ocrx_word' id='word_1_218' title='bbox 1106 4169 1164 4219; x_wconf 81' lang='lat' dir='ltr'><strong>data</strong></span> <span class='ocrx_word' id='word_1_219' title='bbox 1187 4170 1238 4218; x_wconf 85' lang='lat' dir='ltr'><strong>tait</strong></span> <span class='ocrx_word' id='word_1_220' title='bbox 1256 4185 1298 4220; x_wconf 83' lang='lat' dir='ltr'><strong>re·</strong></span> 
     </span>
     <span class='ocr_line' id='line_1_32' title="bbox 271 4249 1158 4316; baseline 0.014 -21"><span class='ocrx_word' id='word_1_221' title='bbox 271 4249 330 4312; x_wconf 85' lang='lat' dir='ltr'><strong>nia,</strong></span> <span class='ocrx_word' id='word_1_222' title='bbox 350 4254 379 4297; x_wconf 93' lang='lat' dir='ltr'><strong>ut</strong></span> <span class='ocrx_word' id='word_1_223' title='bbox 396 4250 500 4299; x_wconf 85' lang='lat' dir='ltr'><strong>honoris</strong></span> <span class='ocrx_word' id='word_1_224' title='bbox 518 4249 593 4303; x_wconf 72' lang='lat' dir='ltr'><strong>cahra</strong></span> <span class='ocrx_word' id='word_1_225' title='bbox 608 4268 654 4302; x_wconf 82' lang='lat' dir='ltr'><strong>auo</strong></span> <span class='ocrx_word' id='word_1_226' title='bbox 665 4253 748 4316; x_wconf 74' lang='lat' dir='ltr'><strong>ipsus</strong></span> <span class='ocrx_word' id='word_1_227' title='bbox 763 4253 850 4303; x_wconf 76' lang='lat' dir='ltr'><strong>ecstasi</strong></span> <span class='ocrx_word' id='word_1_228' title='bbox 863 4253 961 4304; x_wconf 78' lang='lat' dir='ltr'><strong>socium</strong></span> <span class='ocrx_word' id='word_1_229' title='bbox 976 4254 1158 4306; x_wconf 75' lang='lat' dir='ltr'><strong>admriberent.</strong></span> 
     </span>
    </p>
   </div>
   <div class='ocr_carea' id='block_1_8' title="bbox 0 0 1445 5075">
    <p class='ocr_par' dir='ltr' id='par_1_8' title="bbox 0 0 1445 5075">
     <span class='ocr_line' id='line_1_33' title="bbox 0 0 1445 5075; baseline 0 0"><span class='ocrx_word' id='word_1_230' title='bbox 0 0 1445 5075; x_wconf 95' lang='lat' dir='ltr'><strong> </strong></span> 
     </span>
    </p>
   </div>
  </div>
 </body>
</html>
