2875 5075
744 540 806 599 112

312 716 437 802 Igitur,
461 726 498 778 ut
516 713 606 778 illinc
625 712 751 791 ordiar,
783 711 870 775 uude
893 721 925 774 et
952 710 1089 774 aliorum
1108 710 1142 772 io
1160 707 1296 772 lleusdii

269 832 332 895 vita
359 828 573 914 complurium
604 837 737 891 atvero
762 827 953 910 scriptorum
982 824 1051 909 ejus
1081 822 1296 908 intelligentia

268 944 405 1009 multum
434 939 570 1027 pendet,
613 940 768 1026 singulari
796 939 854 1003 ille
877 960 985 1003 amore
1017 948 1206 1023 prosecutus
1244 946 1295 999 est

268 1058 442 1123 Platonem.
480 1057 592 1139 'liujus
622 1056 736 1119 amoris
760 1054 852 1117 initia
870 1052 1014 1117 incidere
1042 1050 1244 1115 meminimus
1259 1050 1297 1113 in

267 1183 391 1257 tempus
410 1169 643 1235 adolescentiae
660 1166 947 1246 Roterodamense3
968 1186 1130 1251 eumque,
1151 1162 1295 1229 Nodellii

267 1306 412 1349 sermone
433 1284 627 1362 excitatum,
645 1282 802 1347 credibile
820 1293 867 1345 est
886 1280 1024 1367 primum
1041 1280 1198 1343 nutritum
1215 1279 1296 1342 fuis·

267 1418 300 1462 se
317 1400 440 1463 eximiis
451 1400 602 1463 orationis
611 1396 795 1462 Platonicae
806 1396 978 1460 virtutibus
996 1392 1022 1480 ¹)
1041 1405 1198 1480 grataque
1213 1390 1297 1455 ado-

266 1512 399 1577 lescenti
426 1502 592 1598 φιλοκάλῳ
622 1522 654 1575 et
681 1506 881 1601 φιλοποιητῇ
904 1509 1050 1593 poeticae
1076 1498 1239 1572 facultatis
1260 1505 1297 1568 iu

266 1626 328 1693 hoc
347 1628 504 1713 scriptore
527 1626 730 1711 praestantia.
754 1624 819 1707 Qui
840 1623 1045 1688 devoraverat
1062 1628 1195 1708 poetas,
1213 1619 1297 1685 haec

266 1740 393 1807 ttodelti
411 1741 526 1805 verba:
561 1742 745 1805 «Platonem
766 1738 937 1804 sublimem
957 1736 1186 1823 philosophum
1203 1756 1295 1813 esse,

267 1854 437 1918 sublimem
464 1854 585 1939 pariter
613 1861 740 1939 poetam
759 1876 776 1916 n
808 1853 941 1917 memori
976 1861 1108 1937 pectore
1139 1848 1298 1914 reconde·

266 1968 333 2035 bat.
351 1966 376 2053 ²)
410 1968 494 2032 llinc
513 1969 630 2053 ipsein
656 1966 813 2033 sodalium
833 1966 1174 2031 dmstelodamensium
1199 1974 1297 2027 coetu

267 2083 331 2147 vim
343 2082 435 2147 duxit
446 2081 682 2162 admirabilem,
696 2103 793 2168 quam
803 2082 905 2167 prima
917 2082 951 2144 in
966 2102 1004 2145 eo
1019 2078 1178 2143 habuerat
1188 2076 1297 2141 Plato-

269 2198 361 2261 nicae
375 2196 416 2259 de
431 2195 511 2259 ideis
528 2196 703 2260 sententiae
725 2197 848 2261 notitia.
880 2195 960 2259 Nam
982 2190 1298 2274 ‹thane-ajebat-

268 2311 325 2397 qui
337 2312 509 2395 expositam
529 2311 609 2396 legit
631 2311 664 2373 in
684 2310 848 2390 Phaedro,
870 2312 903 2372 iu
923 2309 1107 2395 Symposio,
1126 2308 1161 2370 in
1180 2306 1298 2393 quinto

268 2436 300 2489 et
313 2414 463 2511 prdximis
475 2424 515 2489 de
525 2424 705 2511 Republica
720 2424 811 2489 libris
826 2446 932 2511 neque
950 2424 990 2488 ab
1009 2422 1148 2487 auctoris
1166 2419 1297 2485 dicendi
1353 2467 1355 2469 -

268 2540 496 2628 cogitandique
509 2542 630 2605 ratione
641 2539 763 2606 alienus
774 2550 839 2620 est,
851 2539 878 2603 is
889 2539 1025 2604 fateatur
1036 2558 1165 2602 necesse
1176 2547 1237 2616 est,
1248 2547 1297 2600 ta·

268 2655 333 2718 lem
354 2657 508 2734 invenire,
530 2653 709 2740 explicare,
723 2655 1047 2732 ornaresententiam,
1066 2652 1126 2716 uisi
1148 2657 1296 2736 poetam,

201 2769 203 2774 ’
268 2789 360 2852 posse
375 2771 535 2832 nemiuem
547 2791 556 2832 ε
568 2779 665 2854 atque
678 2769 828 2854 equidem
838 2768 1036 2854 -pergebat
1046 2803 1082 2814 -
1091 2786 1186 2850 saepe
1197 2765 1298 2830 redeo

267 2881 301 2943 in
312 2901 462 2966 vesperae
474 2883 565 2946 istius
574 2883 769 2960 memoriam,
780 2904 844 2968 qua
855 2883 982 2946 initium
992 2881 1121 2968 septimi
1129 2880 1170 2945 do
1180 2881 1298 2964 Repu-

267 2994 353 3060 blica
374 2995 448 3059 libri
468 2997 606 3080 primum
618 2995 774 3082 legebam.
800 2996 969 3076 Dicamus,
993 2997 1098 3075 amici,
1120 2995 1179 3081 qui
1195 2994 1296 3058 animi

268 3109 331 3173 mei
350 3131 459 3174 seusus
479 3110 595 3190 fuerit,
619 3130 659 3176 au
678 3112 811 3175 memori
828 3109 1002 3176 recondam
1011 3109 1165 3196 p'eotorei
1181 3110 1298 3173 Fateor

267 3225 430 3311 ingenue,
454 3247 504 3289 me
522 3225 652 3312 quidem
669 3243 707 3290 eo
728 3236 870 3310 tempore
885 3239 918 3289 et
939 3225 1169 3290 sententiarum
1189 3223 1297 3308 gravi-

269 3348 332 3404 tate
361 3352 392 3405 et
420 3339 582 3426 cogitandi
618 3339 813 3404 sublimitate
849 3349 880 3403 et
908 3340 1059 3404 orationis
1088 3337 1222 3402 flumine
1251 3336 1299 3400 ita

267 3465 463 3518 commotum
478 3454 574 3522 fuisse
593 3465 691 3540 atque
704 3455 875 3533 exarsisse,
896 3463 932 3518 ut
951 3452 1088 3518 hominis
1104 3451 1299 3537 praestanti·

267 3586 318 3628 am
338 3567 548 3630 existimarem
566 3567 683 3646 talem,
707 3569 838 3654 qualem
853 3569 912 3631 liei
933 3567 1160 3631 existimassem
1180 3575 1295 3628 autea:

268 3688 305 3742 ut
321 3679 422 3743 Deum
442 3680 476 3742 iu
497 3693 613 3745 memet
635 3682 703 3767 ipso
724 3682 895 3761 sentirem,
922 3703 981 3745 nec
1002 3682 1179 3768 cogitarem
1199 3677 1298 3765 quid-

268 3813 370 3878 quam,
385 3791 570 3860 humanum.
616 3785 749 3860 Scilicet
767 3817 850 3882 quae
868 3797 1010 3876 animum
1031 3797 1077 3860 ita
1095 3804 1298 3884 commoveat

302 4182 328 4248 1)
347 4185 402 4234 Vld.
419 4186 496 4250 praei.
514 4189 585 4252 Spes.
599 4189 667 4237 esst.
682 4191 712 4253 p.'
722 4188 766 4236 lx.
800 4219 809 4228 ·

245 4281 250 4294 ⁸
302 4268 329 4335 2)
349 4272 435 4335 spire.
451 4273 486 4322 ad
501 4275 592 4325 creua.
610 4289 634 4336 p.
652 4271 676 4323 3.
696 4275 775 4338 Supra
792 4289 816 4338 p.
833 4271 874 4322 11.
