2875 5075
776 528 841 591 2⁰4

291 699 506 785 descriptione
518 698 641 765 dudum
656 701 875 785 cognorimus.
889 697 917 786 ¹)
943 700 982 763 Et
998 699 1261 785 quandoquidem
1271 722 1319 763 rs·

292 816 377 901 pom
394 813 545 878 historiae
557 812 731 899 diligenter
748 814 830 879 etad
853 835 1010 882 summam
1027 815 1164 878 salutem
1179 826 1320 879 nostram

292 927 445 993 colendae
468 928 550 992 riam
566 927 710 993 iudieare
729 928 874 1008 solebat,
893 928 975 993 haee
993 927 1155 1013 prioribus
1172 926 1336 1009 adjunxit-

290 1044 404 1107 rerba:
428 1044 492 1107 sive
504 1042 755 1129 historiologis
770 1042 903 1106 soeculo
924 1042 1169 1110 undevicensimo
1188 1040 1321 1130 πρίω)

289 1158 395 1241 liujus
413 1155 646 1233 firmissimum,
670 1156 742 1240 ipso
764 1156 895 1240 jndice,
918 1155 1163 1221 fondamentum
1187 1166 1238 1221 est
1259 1156 1321 1221 eri·

290 1273 376 1351 tica,
394 1292 496 1357 esque
514 1292 578 1335 non
597 1270 702 1337 solum
725 1270 911 1349 lites-nris,
933 1271 967 1333 in
982 1271 1123 1335 lontibus
1140 1269 1322 1354 dijudicen-

291 1386 340 1451 dis
359 1396 532 1471 oeeupetn,
551 1384 613 1449 'sed
635 1386 731 1449 etiam
748 1406 860 1470 reapse
885 1385 1110 1465 tirenum
1136 1397 1320 1469 temporum

291 1502 477 1566 confusione
488 1521 666 1587 eorumque
683 1520 723 1564 ex
742 1511 946 1565 nostroaero
965 1500 1237 1585 oontemplatinne
1249 1519 1322 1565 aro·

291 1638 383 1695 eans,
395 1614 551 1679 inducens
565 1616 693 1679 omnino
703 1616 738 1677 in
748 1614 949 1699 peculiarem
968 1614 1170 1700 singularum
1181 1624 1322 1680 notatum

290 1729 432 1795 indolem
450 1741 483 1793 et
502 1729 549 1793 sio
569 1729 653 1793 viam
672 1740 817 1793 sternens
836 1728 876 1795 ad
887 1728 1051 1793 historiam
1071 1729 1172 1814 ipsam
1194 1728 1321 1812 penitus

291 1842 547 1929 cognoscendam
563 1851 660 1929 atque
679 1864 716 1907 ex
733 1864 810 1907 vero
824 1842 1075 1926 dijudioandsm.
1087 1840 1112 1929 ³)
1133 1842 1198 1907 Illo
1214 1852 1322 1907 autem

291 1957 385 2023 titulo
402 1957 550 2021 universo
561 1957 700 2042 primum
719 1959 825 2042 operis
836 1958 983 2022 volumen
993 1956 1169 2044 Spses'men
1177 1958 1323 2022 eontinet

293 2073 462 2137 historiae
471 2074 612 2159 gesseris
622 2072 768 2136 humani
777 2085 810 2136 er
825 2072 1078 2151 horamatis,
1088 2071 1136 2136 nd
1145 2071 1323 2157 explican-

291 2188 640 2275 dnmqrsnerts'orsemr
662 2208 772 2273 «quo
796 2186 917 2251 modo
935 2188 977 2251 in
994 2186 1119 2249 illius
1140 2185 1324 2251 historia

292 2297 631 2387 indagari‘hujus
649 2300 869 2366 historiam
888 2298 1128 2386 oportettsp
1152 2299 1324 2385 Hioigitur

293 2428 400 2501 neque
421 2414 608 2480 universalis
624 2436 685 2480 nee
704 2415 905 2501 singularum
925 2414 1068 2501 gentium
1083 2413 1218 2479 historie
1238 2436 1325 2480 enar·

292 2541 401 2608 ratur,
426 2527 481 2593 sed
503 2551 542 2593 eo
564 2530 669 2594 omnis
686 2530 865 2614 pertinent,
884 2541 923 2593 ut
936 2528 1061 2593 diversa
1081 2528 1209 2615 generis
1225 2528 1326 2594 nostri

291 2643 423 2710 diversis
446 2645 641 2730 temporibus
667 2644 773 2713 studia
801 2656 833 2708 et
863 2665 971 2708 sensus
998 2644 1100 2729 probe
1120 2642 1326 2708 animadver-

293 2769 423 2838 tuntur,
448 2780 514 2844 quo
535 2759 711 2824 evidentius
727 2769 851 2844 pateat,
868 2759 1028 2822 ‚beminis
1046 2759 1081 2822 in
1102 2757 1234 2822 bomine
1252 2779 1326 2843 pro·

293 2872 488 2957 gressionem
515 2893 618 2958 aeque
646 2875 735 2937 cerni
754 2874 914 2959 similique
939 2875 1070 2938 omnino
1092 2871 1325 2958 progrediendi

293 2984 388 3050 modo
406 2979 560 3069 apparere
580 2987 613 3048 in
636 3007 752 3072 genere
771 2986 912 3052 humone
927 2998 1025 3073 etque
1040 2989 1076 3051 in
1089 2986 1251 3073 singulari
1267 2984 1326 3050 ho-

292 3100 390 3166 mine.
437 3100 499 3164 llos
529 3097 609 3163 haee
641 3099 899 3166 adumbravimus
935 3124 1052 3186 supra,
1086 3100 1128 3166 de
1161 3099 1324 3166 historicis

291 3212 425 3280 Heusdii
448 3213 564 3279 scholis
586 3213 743 3294 dicentes3
768 3215 885 3300 quibus
909 3227 1071 3305 quotquot
1089 3215 1326 3302 posterioribus

291 3329 381 3392 onnis
402 3329 498 3412 paulo
518 3327 702 3413 diligentius
724 3329 959 3410 interfuerunt,
983 3331 1202 3416 praeceptoris
1226 3328 1328 3394 nostri

293 3442 511 3522 meminerint,
536 3465 625 3508 suem
649 3444 740 3508 nobis
758 3445 948 3509 sententiam
968 3447 1157 3531 exponentis
1175 3444 1217 3510 de
1238 3456 1326 3509 aets-

327 3752 354 3812 il
372 3752 429 3800 vid.
448 3767 523 3816 supra
540 3769 565 3817 p.
584 3752 626 3802 50.

326 3835 353 3900 2)
371 3838 406 3887 Cf.
426 3838 528 3888 omnino
549 3839 642 3888 Sedonl
659 3853 709 3888 oon
727 3841 818 3903 Polyb.
836 3858 860 3906 p.
873 3841 908 3892 xt
927 3857 980 3904 seq.

326 3921 535 3989 elssd.p.10.
778 3985 781 3995 1

326 4009 352 4074 4)
372 4012 468 4081 Eresos
481 4026 554 4059 esser
568 4012 753 4062 dssoliodens's
772 4013 817 4061 cles
831 4013 1010 4062 Menselsrlons
1023 4030 1055 4064 eu
1071 4015 1120 4062 der
1137 4014 1327 4076 demersere,

292 4102 332 4143 tor
358 4097 562 4164 bsootsnoonds'ug
587 4098 632 4146 dor
654 4113 753 4164 wrong:
786 4099 867 4148 «hoe
891 4101 923 4148 in
947 4101 984 4148 de
1004 4100 1248 4162 perebiedenis
1274 4099 1329 4149 des

292 4181 519 4232 mensebdouss
552 4183 590 4232 de
621 4185 857 4246 gesebiedenis
882 4185 938 4234 der
966 4186 1186 4236 mensehheid
1223 4201 1266 4249 op
1298 4190 1328 4232 le

291 4266 452 4326 sporenPs
1091 4271 1095 4276 ‘
