<?xml version="1.0" encoding="UTF-8"?>
<!DOCTYPE html PUBLIC "-//W3C//DTD XHTML 1.0 Transitional//EN"
    "http://www.w3.org/TR/xhtml1/DTD/xhtml1-transitional.dtd">
<html xmlns="http://www.w3.org/1999/xhtml" xml:lang="en" lang="en">
 <head>
  <title>
</title>
<meta http-equiv="Content-Type" content="text/html;charset=utf-8" />
  <meta name='ocr-system' content='tesseract 3.04.00' />
  <meta name='ocr-capabilities' content='ocr_page ocr_carea ocr_par ocr_line ocrx_word'/>
</head>
<body>
  <div class='ocr_page' id='page_1' title='image "./memoriaheusdii00rovegoog_0175.png"; bbox 0 0 2875 5075; ppageno 0'>
   <div class='ocr_carea' id='block_1_1' title="bbox 762 584 825 648">
    <p class='ocr_par' dir='ltr' id='par_1_1' title="bbox 762 584 825 648">
     <span class='ocr_line' id='line_1_1' title="bbox 762 584 825 648; baseline 0 -2"><span class='ocrx_word' id='word_1_1' title='bbox 762 584 825 648; x_wconf 66' lang='lat'><strong>16⁴</strong></span> 
     </span>
    </p>
   </div>
   <div class='ocr_carea' id='block_1_2' title="bbox 280 753 1316 1415">
    <p class='ocr_par' dir='ltr' id='par_1_2' title="bbox 280 753 1316 1415">
     <span class='ocr_line' id='line_1_2' title="bbox 281 753 1316 845; baseline -0.008 -19"><span class='ocrx_word' id='word_1_2' title='bbox 281 761 315 826; x_wconf 92' lang='lat' dir='ltr'><strong>id</strong></span> <span class='ocrx_word' id='word_1_3' title='bbox 343 769 406 839; x_wconf 88' lang='lat' dir='ltr'><strong>est,</strong></span> <span class='ocrx_word' id='word_1_4' title='bbox 430 757 578 845; x_wconf 75' lang='lat' dir='ltr'><strong>physicas</strong></span> <span class='ocrx_word' id='word_1_5' title='bbox 602 757 636 821; x_wconf 92' lang='lat' dir='ltr'><strong>iu</strong></span> <span class='ocrx_word' id='word_1_6' title='bbox 666 757 844 844; x_wconf 71' lang='lat' dir='ltr'>primisque</span> <span class='ocrx_word' id='word_1_7' title='bbox 878 755 1034 835; x_wconf 84' lang='lat' dir='ltr'><strong>medicas,</strong></span> <span class='ocrx_word' id='word_1_8' title='bbox 1061 753 1220 838; x_wconf 74' lang='lat' dir='ltr'><strong>juridicus</strong></span> <span class='ocrx_word' id='word_1_9' title='bbox 1242 775 1316 818; x_wconf 82' lang='lat' dir='ltr'><strong>ma·</strong></span> 
     </span>
     <span class='ocr_line' id='line_1_3' title="bbox 282 866 1315 960; baseline -0.007 -20"><span class='ocrx_word' id='word_1_10' title='bbox 282 877 366 940; x_wconf 82' lang='lat' dir='ltr'><strong>xime</strong></span> <span class='ocrx_word' id='word_1_11' title='bbox 399 873 563 960; x_wconf 88' lang='lat' dir='ltr'><strong>politicas,</strong></span> <span class='ocrx_word' id='word_1_12' title='bbox 594 870 794 957; x_wconf 85' lang='lat' dir='ltr'><strong>theologicas</strong></span> <span class='ocrx_word' id='word_1_13' title='bbox 823 870 960 934; x_wconf 77' lang='lat' dir='ltr'><strong>maxime</strong></span> <span class='ocrx_word' id='word_1_14' title='bbox 994 870 1129 933; x_wconf 82' lang='lat' dir='ltr'><strong>morales</strong></span> <span class='ocrx_word' id='word_1_15' title='bbox 1158 893 1176 933; x_wconf 87' lang='lat' dir='ltr'><strong>a</strong></span> <span class='ocrx_word' id='word_1_16' title='bbox 1212 866 1315 933; x_wconf 83' lang='lat' dir='ltr'><strong>disci·</strong></span> 
     </span>
     <span class='ocr_line' id='line_1_4' title="bbox 280 981 1312 1075; baseline -0.008 -22"><span class='ocrx_word' id='word_1_17' title='bbox 280 990 376 1075; x_wconf 91' lang='lat' dir='ltr'><strong>plinis</strong></span> <span class='ocrx_word' id='word_1_18' title='bbox 395 987 525 1074; x_wconf 80' lang='lat' dir='ltr'><strong>proprie</strong></span> <span class='ocrx_word' id='word_1_19' title='bbox 548 987 593 1051; x_wconf 86' lang='lat' dir='ltr'><strong>sic</strong></span> <span class='ocrx_word' id='word_1_20' title='bbox 620 984 713 1051; x_wconf 88' lang='lat' dir='ltr'><strong>dictis</strong></span> <span class='ocrx_word' id='word_1_21' title='bbox 737 986 804 1049; x_wconf 80' lang='lat' dir='ltr'><strong>sire</strong></span> <span class='ocrx_word' id='word_1_22' title='bbox 821 988 929 1071; x_wconf 80' lang='lat' dir='ltr'><strong>puris</strong></span> <span class='ocrx_word' id='word_1_23' title='bbox 947 984 1114 1071; x_wconf 74' lang='lat' dir='ltr'><strong>distinguit</strong></span> <span class='ocrx_word' id='word_1_24' title='bbox 1131 981 1312 1061; x_wconf 84' lang='lat' dir='ltr'><strong>Heusdius‚</strong></span> 
     </span>
     <span class='ocr_line' id='line_1_5' title="bbox 282 1096 1314 1190; baseline -0.008 -23"><span class='ocrx_word' id='word_1_25' title='bbox 282 1123 400 1190; x_wconf 85' lang='lat' dir='ltr'><strong>easque</strong></span> <span class='ocrx_word' id='word_1_26' title='bbox 414 1103 593 1189; x_wconf 75' lang='lat' dir='ltr'><strong>practicae</strong></span> <span class='ocrx_word' id='word_1_27' title='bbox 604 1110 694 1165; x_wconf 76' lang='lat' dir='ltr'><strong>sonat</strong></span> <span class='ocrx_word' id='word_1_28' title='bbox 705 1099 747 1163; x_wconf 88' lang='lat' dir='ltr'><strong>ob</strong></span> <span class='ocrx_word' id='word_1_29' title='bbox 764 1100 827 1163; x_wconf 70' lang='lat' dir='ltr'><strong>mm</strong></span> <span class='ocrx_word' id='word_1_30' title='bbox 843 1119 955 1164; x_wconf 87' lang='lat' dir='ltr'><strong>earnm</strong></span> <span class='ocrx_word' id='word_1_31' title='bbox 965 1096 1138 1164; x_wconf 90' lang='lat' dir='ltr'><strong>inhomine</strong></span> <span class='ocrx_word' id='word_1_32' title='bbox 1152 1118 1314 1163; x_wconf 90' lang='lat' dir='ltr'><strong>summam</strong></span> 
     </span>
     <span class='ocr_line' id='line_1_6' title="bbox 281 1213 1314 1301; baseline -0.004 -19"><span class='ocrx_word' id='word_1_33' title='bbox 281 1229 314 1282; x_wconf 90' lang='lat' dir='ltr'><strong>et</strong></span> <span class='ocrx_word' id='word_1_34' title='bbox 341 1217 543 1293; x_wconf 88' lang='lat' dir='ltr'><strong>continuam,</strong></span> <span class='ocrx_word' id='word_1_35' title='bbox 574 1216 769 1299; x_wconf 79' lang='lat' dir='ltr'><strong>superiores</strong></span> <span class='ocrx_word' id='word_1_36' title='bbox 790 1224 898 1279; x_wconf 83' lang='lat' dir='ltr'><strong>autem</strong></span> <span class='ocrx_word' id='word_1_37' title='bbox 919 1214 1081 1299; x_wconf 84' lang='lat' dir='ltr'><strong>appellat,</strong></span> <span class='ocrx_word' id='word_1_38' title='bbox 1105 1213 1180 1300; x_wconf 89' lang='lat' dir='ltr'><strong>quia</strong></span> <span class='ocrx_word' id='word_1_39' title='bbox 1207 1235 1314 1301; x_wconf 83' lang='lat' dir='ltr'><strong>argu-</strong></span> 
     </span>
     <span class='ocr_line' id='line_1_7' title="bbox 280 1328 1313 1415; baseline -0.005 -19"><span class='ocrx_word' id='word_1_40' title='bbox 280 1343 386 1396; x_wconf 85' lang='lat' dir='ltr'><strong>menta</strong></span> <span class='ocrx_word' id='word_1_41' title='bbox 411 1330 670 1415; x_wconf 77' lang='lat' dir='ltr'>complectamur</span> <span class='ocrx_word' id='word_1_42' title='bbox 692 1329 836 1394; x_wconf 85' lang='lat' dir='ltr'><strong>omnium</strong></span> <span class='ocrx_word' id='word_1_43' title='bbox 863 1329 999 1393; x_wconf 80' lang='lat' dir='ltr'><strong>marimo</strong></span> <span class='ocrx_word' id='word_1_44' title='bbox 1025 1328 1192 1407; x_wconf 88' lang='lat' dir='ltr'><strong>sublimia,</strong></span> <span class='ocrx_word' id='word_1_45' title='bbox 1226 1331 1313 1392; x_wconf 80' lang='lat' dir='ltr'><strong>ussi-</strong></span> 
     </span>
    </p>
   </div>
   <div class='ocr_carea' id='block_1_3' title="bbox 280 1432 1421 1529">
    <p class='ocr_par' dir='ltr' id='par_1_3' title="bbox 280 1432 1421 1529">
     <span class='ocr_line' id='line_1_8' title="bbox 280 1432 1421 1529; baseline -0.003 -20"><span class='ocrx_word' id='word_1_46' title='bbox 280 1466 431 1524; x_wconf 72' lang='lat' dir='ltr'><strong>mrum,</strong></span> <span class='ocrx_word' id='word_1_47' title='bbox 451 1446 646 1521; x_wconf 77' lang='lat' dir='ltr'><strong>civitatem,</strong></span> <span class='ocrx_word' id='word_1_48' title='bbox 669 1440 857 1523; x_wconf 76' lang='lat' dir='ltr'><strong>bominem,</strong></span> <span class='ocrx_word' id='word_1_49' title='bbox 877 1441 1015 1529; x_wconf 80' lang='lat' dir='ltr'><strong>ideoque</strong></span> <span class='ocrx_word' id='word_1_50' title='bbox 1034 1443 1228 1507; x_wconf 76' lang='lat' dir='ltr'><strong>verissimam</strong></span> <span class='ocrx_word' id='word_1_51' title='bbox 1247 1442 1313 1507; x_wconf 89' lang='lat' dir='ltr'><strong>ho-</strong></span> <span class='ocrx_word' id='word_1_52' title='bbox 1418 1432 1421 1436; x_wconf 31' lang='lat'><strong>¹</strong></span> 
     </span>
    </p>
   </div>
   <div class='ocr_carea' id='block_1_4' title="bbox 242 1558 1313 3363">
    <p class='ocr_par' dir='ltr' id='par_1_4' title="bbox 278 1558 1313 1988">
     <span class='ocr_line' id='line_1_9' title="bbox 280 1558 1313 1644; baseline -0.004 -19"><span class='ocrx_word' id='word_1_53' title='bbox 280 1560 375 1625; x_wconf 89' lang='lat' dir='ltr'><strong>minis</strong></span> <span class='ocrx_word' id='word_1_54' title='bbox 398 1558 604 1638; x_wconf 74' lang='lat' dir='ltr'><strong>felicitatem,</strong></span> <span class='ocrx_word' id='word_1_55' title='bbox 635 1558 784 1622; x_wconf 83' lang='lat' dir='ltr'><strong>libertate</strong></span> <span class='ocrx_word' id='word_1_56' title='bbox 810 1577 911 1644; x_wconf 90' lang='lat' dir='ltr'><strong>quum</strong></span> <span class='ocrx_word' id='word_1_57' title='bbox 933 1569 1063 1621; x_wconf 78' lang='lat' dir='ltr'><strong>externa</strong></span> <span class='ocrx_word' id='word_1_58' title='bbox 1090 1568 1160 1622; x_wconf 89' lang='lat' dir='ltr'><strong>tum</strong></span> <span class='ocrx_word' id='word_1_59' title='bbox 1184 1558 1313 1621; x_wconf 86' lang='lat' dir='ltr'><strong>interna</strong></span> 
     </span>
     <span class='ocr_line' id='line_1_10' title="bbox 279 1669 1309 1760; baseline 0.001 -23"><span class='ocrx_word' id='word_1_60' title='bbox 279 1673 398 1739; x_wconf 85' lang='lat' dir='ltr'><strong>tuenda</strong></span> <span class='ocrx_word' id='word_1_61' title='bbox 414 1686 446 1739; x_wconf 90' lang='lat' dir='ltr'><strong>st</strong></span> <span class='ocrx_word' id='word_1_62' title='bbox 456 1672 665 1752; x_wconf 78' lang='lat' dir='ltr'><strong>vindicanda,</strong></span> <span class='ocrx_word' id='word_1_63' title='bbox 676 1672 911 1737; x_wconf 84' lang='lat' dir='ltr'><strong>incredibiliter</strong></span> <span class='ocrx_word' id='word_1_64' title='bbox 926 1690 1114 1758; x_wconf 85' lang='lat' dir='ltr'><strong>promovere</strong></span> <span class='ocrx_word' id='word_1_65' title='bbox 1131 1683 1267 1758; x_wconf 85' lang='lat' dir='ltr'><strong>queunt.</strong></span> <span class='ocrx_word' id='word_1_66' title='bbox 1279 1669 1309 1760; x_wconf 87' lang='lat'><strong>¹)</strong></span> 
     </span>
     <span class='ocr_line' id='line_1_11' title="bbox 278 1785 1310 1873; baseline 0 -22"><span class='ocrx_word' id='word_1_67' title='bbox 278 1788 319 1851; x_wconf 82' lang='lat' dir='ltr'><strong>Et</strong></span> <span class='ocrx_word' id='word_1_68' title='bbox 346 1786 427 1853; x_wconf 88' lang='lat' dir='ltr'><strong>haec</strong></span> <span class='ocrx_word' id='word_1_69' title='bbox 456 1807 549 1851; x_wconf 87' lang='lat' dir='ltr'><strong>nemo</strong></span> <span class='ocrx_word' id='word_1_70' title='bbox 576 1808 640 1852; x_wconf 92' lang='lat' dir='ltr'><strong>non</strong></span> <span class='ocrx_word' id='word_1_71' title='bbox 684 1786 771 1851; x_wconf 76' lang='lat' dir='ltr'><strong>ridet</strong></span> <span class='ocrx_word' id='word_1_72' title='bbox 801 1805 899 1873; x_wconf 88' lang='lat' dir='ltr'><strong>qoam</strong></span> <span class='ocrx_word' id='word_1_73' title='bbox 927 1797 1001 1871; x_wconf 80' lang='lat' dir='ltr'><strong>apta</strong></span> <span class='ocrx_word' id='word_1_74' title='bbox 1027 1787 1090 1851; x_wconf 88' lang='lat' dir='ltr'><strong>sint</strong></span> <span class='ocrx_word' id='word_1_75' title='bbox 1113 1785 1155 1853; x_wconf 85' lang='lat' dir='ltr'><strong>ad</strong></span> <span class='ocrx_word' id='word_1_76' title='bbox 1180 1788 1246 1850; x_wconf 84' lang='lat' dir='ltr'><strong>rim</strong></span> <span class='ocrx_word' id='word_1_77' title='bbox 1276 1797 1310 1851; x_wconf 85' lang='lat' dir='ltr'><strong>et</strong></span> 
     </span>
     <span class='ocr_line' id='line_1_12' title="bbox 279 1896 916 1988; baseline -0.002 -23"><span class='ocrx_word' id='word_1_78' title='bbox 279 1902 376 1966; x_wconf 76' lang='lat' dir='ltr'><strong>vitam</strong></span> <span class='ocrx_word' id='word_1_79' title='bbox 393 1901 442 1967; x_wconf 87' lang='lat' dir='ltr'><strong>his</strong></span> <span class='ocrx_word' id='word_1_80' title='bbox 460 1900 613 1967; x_wconf 80' lang='lat' dir='ltr'><strong>doctrinis</strong></span> <span class='ocrx_word' id='word_1_81' title='bbox 630 1902 875 1968; x_wconf 70' lang='lat' dir='ltr'><strong>conciliandam.</strong></span> <span class='ocrx_word' id='word_1_82' title='bbox 888 1896 916 1988; x_wconf 85' lang='lat'><strong>²)</strong></span> 
     </span>
    </p>

    <p class='ocr_par' dir='ltr' id='par_1_5' title="bbox 242 2014 1309 3363">
     <span class='ocr_line' id='line_1_13' title="bbox 321 2014 1308 2103; baseline 0 -22"><span class='ocrx_word' id='word_1_83' title='bbox 321 2017 385 2082; x_wconf 81' lang='lat' dir='ltr'><strong>Sed</strong></span> <span class='ocrx_word' id='word_1_84' title='bbox 412 2017 567 2096; x_wconf 81' lang='lat' dir='ltr'><strong>Socratis,</strong></span> <span class='ocrx_word' id='word_1_85' title='bbox 598 2016 685 2103; x_wconf 89' lang='lat' dir='ltr'><strong>quod</strong></span> <span class='ocrx_word' id='word_1_86' title='bbox 708 2016 822 2095; x_wconf 84' lang='lat' dir='ltr'><strong>attuli,</strong></span> <span class='ocrx_word' id='word_1_87' title='bbox 854 2016 951 2080; x_wconf 82' lang='lat' dir='ltr'><strong>elfato</strong></span> <span class='ocrx_word' id='word_1_88' title='bbox 973 2014 1118 2081; x_wconf 87' lang='lat' dir='ltr'><strong>dubitem</strong></span> <span class='ocrx_word' id='word_1_89' title='bbox 1144 2036 1186 2079; x_wconf 90' lang='lat' dir='ltr'><strong>an</strong></span> <span class='ocrx_word' id='word_1_90' title='bbox 1215 2016 1308 2081; x_wconf 83' lang='lat' dir='ltr'><strong>nulla</strong></span> 
     </span>
     <span class='ocr_line' id='line_1_14' title="bbox 277 2130 1308 2218; baseline -0.001 -22"><span class='ocrx_word' id='word_1_91' title='bbox 277 2132 352 2197; x_wconf 89' lang='lat' dir='ltr'><strong>libri</strong></span> <span class='ocrx_word' id='word_1_92' title='bbox 381 2143 470 2217; x_wconf 88' lang='lat' dir='ltr'><strong>parte</strong></span> <span class='ocrx_word' id='word_1_93' title='bbox 501 2130 680 2196; x_wconf 77' lang='lat' dir='ltr'><strong>evidentius</strong></span> <span class='ocrx_word' id='word_1_94' title='bbox 711 2130 842 2196; x_wconf 85' lang='lat' dir='ltr'><strong>satisfiat</strong></span> <span class='ocrx_word' id='word_1_95' title='bbox 878 2150 975 2218; x_wconf 81' lang='lat' dir='ltr'><strong>quoni</strong></span> <span class='ocrx_word' id='word_1_96' title='bbox 1006 2142 1185 2217; x_wconf 86' lang='lat' dir='ltr'><strong>postrema,</strong></span> <span class='ocrx_word' id='word_1_97' title='bbox 1221 2150 1308 2217; x_wconf 86' lang='lat' dir='ltr'><strong>quae</strong></span> 
     </span>
     <span class='ocr_line' id='line_1_15' title="bbox 276 2244 1309 2332; baseline 0 -23"><span class='ocrx_word' id='word_1_98' title='bbox 276 2247 451 2331; x_wconf 88' lang='lat' dir='ltr'><strong>praecipue</strong></span> <span class='ocrx_word' id='word_1_99' title='bbox 469 2256 516 2309; x_wconf 86' lang='lat' dir='ltr'><strong>est</strong></span> <span class='ocrx_word' id='word_1_100' title='bbox 537 2244 577 2309; x_wconf 90' lang='lat' dir='ltr'><strong>do</strong></span> <span class='ocrx_word' id='word_1_101' title='bbox 601 2245 811 2332; x_wconf 86' lang='lat' dir='ltr'><strong>philosophia.</strong></span> <span class='ocrx_word' id='word_1_102' title='bbox 852 2246 891 2314; x_wconf 92' lang='lat' dir='ltr'><strong>In</strong></span> <span class='ocrx_word' id='word_1_103' title='bbox 909 2246 1026 2311; x_wconf 87' lang='lat' dir='ltr'><strong>artium</strong></span> <span class='ocrx_word' id='word_1_104' title='bbox 1046 2244 1309 2331; x_wconf 81' lang='lat' dir='ltr'><strong>disciplinarum-</strong></span> 
     </span>
     <span class='ocr_line' id='line_1_16' title="bbox 278 2347 1306 2447; baseline 0.001 -24"><span class='ocrx_word' id='word_1_105' title='bbox 278 2378 341 2446; x_wconf 89' lang='lat' dir='ltr'><strong>que</strong></span> <span class='ocrx_word' id='word_1_106' title='bbox 362 2347 467 2441; x_wconf 74' lang='grc' dir='ltr'><strong><em>κύκλῳ</em></strong></span> <span class='ocrx_word' id='word_1_107' title='bbox 490 2358 647 2423; x_wconf 87' lang='lat' dir='ltr'><strong>Heusdius</strong></span> <span class='ocrx_word' id='word_1_108' title='bbox 668 2360 876 2446; x_wconf 79' lang='lat' dir='ltr'><strong>amplissimas</strong></span> <span class='ocrx_word' id='word_1_109' title='bbox 899 2372 1006 2447; x_wconf 85' lang='lat' dir='ltr'><strong>partes</strong></span> <span class='ocrx_word' id='word_1_110' title='bbox 1029 2358 1143 2424; x_wconf 89' lang='lat' dir='ltr'><strong>tribuit</strong></span> <span class='ocrx_word' id='word_1_111' title='bbox 1162 2359 1306 2445; x_wconf 87' lang='lat' dir='ltr'><strong>philoso-</strong></span> 
     </span>
     <span class='ocr_line' id='line_1_17' title="bbox 276 2468 1306 2562; baseline -0.002 -22"><span class='ocrx_word' id='word_1_112' title='bbox 276 2472 370 2562; x_wconf 87' lang='lat' dir='ltr'><strong>phiae</strong></span> <span class='ocrx_word' id='word_1_113' title='bbox 400 2485 432 2538; x_wconf 85' lang='lat' dir='ltr'><strong>et</strong></span> <span class='ocrx_word' id='word_1_114' title='bbox 458 2472 617 2541; x_wconf 82' lang='lat' dir='ltr'><strong>historiae.</strong></span> <span class='ocrx_word' id='word_1_115' title='bbox 661 2475 744 2540; x_wconf 88' lang='lat' dir='ltr'><strong>lliuc</strong></span> <span class='ocrx_word' id='word_1_116' title='bbox 769 2474 913 2540; x_wconf 87' lang='lat' dir='ltr'><strong>absoluta</strong></span> <span class='ocrx_word' id='word_1_117' title='bbox 938 2475 1005 2539; x_wconf 86' lang='lat' dir='ltr'><strong>iere</strong></span> <span class='ocrx_word' id='word_1_118' title='bbox 1030 2468 1157 2561; x_wconf 80' lang='lat' dir='ltr'><strong>reliqua</strong></span> <span class='ocrx_word' id='word_1_119' title='bbox 1176 2474 1306 2561; x_wconf 88' lang='lat' dir='ltr'><strong>disqui-</strong></span> 
     </span>
     <span class='ocr_line' id='line_1_18' title="bbox 276 2588 1303 2677; baseline 0.002 -24"><span class='ocrx_word' id='word_1_120' title='bbox 276 2590 388 2654; x_wconf 81' lang='lat' dir='ltr'><strong>sitione</strong></span> <span class='ocrx_word' id='word_1_121' title='bbox 417 2588 457 2653; x_wconf 90' lang='lat' dir='ltr'><strong>de</strong></span> <span class='ocrx_word' id='word_1_122' title='bbox 491 2600 629 2677; x_wconf 89' lang='lat' dir='ltr'><strong>utraque</strong></span> <span class='ocrx_word' id='word_1_123' title='bbox 657 2611 773 2676; x_wconf 87' lang='lat' dir='ltr'><strong>agens,</strong></span> <span class='ocrx_word' id='word_1_124' title='bbox 798 2608 836 2654; x_wconf 90' lang='lat' dir='ltr'><strong>eu</strong></span> <span class='ocrx_word' id='word_1_125' title='bbox 868 2589 999 2655; x_wconf 82' lang='lat' dir='ltr'><strong>tandem</strong></span> <span class='ocrx_word' id='word_1_126' title='bbox 1024 2591 1159 2654; x_wconf 87' lang='lat' dir='ltr'><strong>lectores</strong></span> <span class='ocrx_word' id='word_1_127' title='bbox 1193 2589 1303 2669; x_wconf 92' lang='lat' dir='ltr'><strong>ducit,</strong></span> 
     </span>
     <span class='ocr_line' id='line_1_19' title="bbox 242 2690 1305 2791; baseline 0.001 -25"><span class='ocrx_word' id='word_1_128' title='bbox 242 2690 245 2694; x_wconf 36' lang='lat'>⁵</span> <span class='ocrx_word' id='word_1_129' title='bbox 275 2722 361 2790; x_wconf 84' lang='lat' dir='ltr'><strong>qno,</strong></span> <span class='ocrx_word' id='word_1_130' title='bbox 385 2704 411 2766; x_wconf 89' lang='lat' dir='ltr'><strong>si</strong></span> <span class='ocrx_word' id='word_1_131' title='bbox 435 2703 669 2788; x_wconf 77' lang='lat' dir='ltr'><strong>philosophiam</strong></span> <span class='ocrx_word' id='word_1_132' title='bbox 693 2705 891 2791; x_wconf 78' lang='lat' dir='ltr'><strong>cogitamus,</strong></span> <span class='ocrx_word' id='word_1_133' title='bbox 916 2725 988 2768; x_wconf 91' lang='lat' dir='ltr'><strong>sero</strong></span> <span class='ocrx_word' id='word_1_134' title='bbox 1006 2703 1134 2769; x_wconf 89' lang='lat' dir='ltr'><strong>demum</strong></span> <span class='ocrx_word' id='word_1_135' title='bbox 1162 2725 1196 2767; x_wconf 88' lang='lat' dir='ltr'><strong>se</strong></span> <span class='ocrx_word' id='word_1_136' title='bbox 1225 2725 1305 2767; x_wconf 87' lang='lat' dir='ltr'><strong>ren-</strong></span> 
     </span>
     <span class='ocr_line' id='line_1_20' title="bbox 276 2811 1302 2905; baseline 0.003 -25"><span class='ocrx_word' id='word_1_137' title='bbox 276 2827 383 2881; x_wconf 90' lang='lat' dir='ltr'><strong>turum</strong></span> <span class='ocrx_word' id='word_1_138' title='bbox 401 2811 468 2881; x_wconf 78' lang='lat' dir='ltr'><strong>es&#39;se</strong></span> <span class='ocrx_word' id='word_1_139' title='bbox 488 2818 617 2882; x_wconf 83' lang='lat' dir='ltr'><strong>exordio</strong></span> <span class='ocrx_word' id='word_1_140' title='bbox 633 2829 811 2883; x_wconf 77' lang='lat' dir='ltr'><strong>monuerat.</strong></span> <span class='ocrx_word' id='word_1_141' title='bbox 836 2818 903 2883; x_wconf 86' lang='lat' dir='ltr'><strong>Nisi</strong></span> <span class='ocrx_word' id='word_1_142' title='bbox 919 2819 1002 2884; x_wconf 79' lang='lat' dir='ltr'><strong>forte</strong></span> <span class='ocrx_word' id='word_1_143' title='bbox 1020 2819 1130 2884; x_wconf 87' lang='lat' dir='ltr'><strong>dicere</strong></span> <span class='ocrx_word' id='word_1_144' title='bbox 1145 2830 1302 2905; x_wconf 86' lang='lat' dir='ltr'><strong>praestat,</strong></span> 
     </span>
     <span class='ocr_line' id='line_1_21' title="bbox 275 2930 1302 3020; baseline 0.005 -27"><span class='ocrx_word' id='word_1_145' title='bbox 275 2951 348 2996; x_wconf 89' lang='lat' dir='ltr'><strong>eum</strong></span> <span class='ocrx_word' id='word_1_146' title='bbox 368 2930 409 2994; x_wconf 89' lang='lat' dir='ltr'><strong>ab</strong></span> <span class='ocrx_word' id='word_1_147' title='bbox 427 2932 518 2995; x_wconf 90' lang='lat' dir='ltr'><strong>initio</strong></span> <span class='ocrx_word' id='word_1_148' title='bbox 537 2931 613 2996; x_wconf 87' lang='lat' dir='ltr'><strong>inde</strong></span> <span class='ocrx_word' id='word_1_149' title='bbox 632 2953 671 2997; x_wconf 86' lang='lat' dir='ltr'><strong>ac</strong></span> <span class='ocrx_word' id='word_1_150' title='bbox 689 2942 756 2996; x_wconf 89' lang='lat' dir='ltr'><strong>tota</strong></span> <span class='ocrx_word' id='word_1_151' title='bbox 783 2931 858 2996; x_wconf 84' lang='lat' dir='ltr'><strong>dein</strong></span> <span class='ocrx_word' id='word_1_152' title='bbox 876 2933 1128 3020; x_wconf 76' lang='lat' dir='ltr'><strong>investigationis</strong></span> <span class='ocrx_word' id='word_1_153' title='bbox 1149 2935 1199 2999; x_wconf 83' lang='lat' dir='ltr'><strong>via</strong></span> <span class='ocrx_word' id='word_1_154' title='bbox 1221 2932 1302 2998; x_wconf 89' lang='lat' dir='ltr'><strong>illuc</strong></span> 
     </span>
     <span class='ocr_line' id='line_1_22' title="bbox 274 3041 1303 3131; baseline 0.004 -23"><span class='ocrx_word' id='word_1_155' title='bbox 274 3041 419 3124; x_wconf 83' lang='lat' dir='ltr'><strong>duxisse,</strong></span> <span class='ocrx_word' id='word_1_156' title='bbox 453 3065 519 3131; x_wconf 88' lang='lat' dir='ltr'><strong>qno</strong></span> <span class='ocrx_word' id='word_1_157' title='bbox 548 3045 675 3110; x_wconf 87' lang='lat' dir='ltr'><strong>tandem</strong></span> <span class='ocrx_word' id='word_1_158' title='bbox 707 3043 853 3111; x_wconf 86' lang='lat' dir='ltr'><strong>adductis</strong></span> <span class='ocrx_word' id='word_1_159' title='bbox 886 3067 949 3111; x_wconf 88' lang='lat' dir='ltr'><strong>non</strong></span> <span class='ocrx_word' id='word_1_160' title='bbox 979 3048 1109 3112; x_wconf 91' lang='lat' dir='ltr'><strong>omnino</strong></span> <span class='ocrx_word' id='word_1_161' title='bbox 1135 3047 1303 3113; x_wconf 88' lang='lat' dir='ltr'><strong>insolitum</strong></span> 
     </span>
     <span class='ocr_line' id='line_1_23' title="bbox 274 3157 1305 3249; baseline 0.003 -25"><span class='ocrx_word' id='word_1_162' title='bbox 274 3157 408 3224; x_wconf 81' lang='lat' dir='ltr'><strong>offertur</strong></span> <span class='ocrx_word' id='word_1_163' title='bbox 427 3159 658 3244; x_wconf 81' lang='lat' dir='ltr'><strong>spectaculum.</strong></span> <span class='ocrx_word' id='word_1_164' title='bbox 693 3162 773 3228; x_wconf 83' lang='lat' dir='ltr'><strong>Nam</strong></span> <span class='ocrx_word' id='word_1_165' title='bbox 792 3161 1013 3248; x_wconf 85' lang='lat' dir='ltr'><strong>philosophiae</strong></span> <span class='ocrx_word' id='word_1_166' title='bbox 1035 3161 1168 3249; x_wconf 83' lang='lat' dir='ltr'><strong>quidem</strong></span> <span class='ocrx_word' id='word_1_167' title='bbox 1187 3162 1305 3248; x_wconf 86' lang='lat' dir='ltr'><strong>plenae</strong></span> 
     </span>
     <span class='ocr_line' id='line_1_24' title="bbox 274 3273 1304 3363; baseline 0.004 -27"><span class='ocrx_word' id='word_1_168' title='bbox 274 3284 347 3336; x_wconf 86' lang='lat' dir='ltr'><strong>sunt</strong></span> <span class='ocrx_word' id='word_1_169' title='bbox 363 3274 544 3358; x_wconf 84' lang='lat' dir='ltr'><strong>superiores</strong></span> <span class='ocrx_word' id='word_1_170' title='bbox 563 3274 818 3361; x_wconf 84' lang='lat' dir='ltr'><strong>disquisitiones,</strong></span> <span class='ocrx_word' id='word_1_171' title='bbox 843 3287 875 3340; x_wconf 88' lang='lat' dir='ltr'><strong>et</strong></span> <span class='ocrx_word' id='word_1_172' title='bbox 894 3297 931 3340; x_wconf 85' lang='lat' dir='ltr'><strong>ex</strong></span> <span class='ocrx_word' id='word_1_173' title='bbox 957 3275 1007 3341; x_wconf 91' lang='lat' dir='ltr'><strong>his</strong></span> <span class='ocrx_word' id='word_1_174' title='bbox 1029 3277 1106 3363; x_wconf 86' lang='lat' dir='ltr'><strong>ipsis</strong></span> <span class='ocrx_word' id='word_1_175' title='bbox 1130 3273 1204 3356; x_wconf 81' lang='lat' dir='ltr'><strong>bio,</strong></span> <span class='ocrx_word' id='word_1_176' title='bbox 1229 3299 1304 3363; x_wconf 87' lang='lat' dir='ltr'><strong>par·</strong></span> 
     </span>
    </p>
   </div>
   <div class='ocr_carea' id='block_1_5' title="bbox 272 3387 1425 3587">
    <p class='ocr_par' dir='ltr' id='par_1_6' title="bbox 272 3387 1425 3587">
     <span class='ocr_line' id='line_1_25' title="bbox 272 3387 1425 3479; baseline 0.007 -30"><span class='ocrx_word' id='word_1_177' title='bbox 272 3395 337 3450; x_wconf 88' lang='lat' dir='ltr'><strong>tem</strong></span> <span class='ocrx_word' id='word_1_178' title='bbox 353 3397 463 3466; x_wconf 70' lang='lat' dir='ltr'><strong>certe.</strong></span> <span class='ocrx_word' id='word_1_179' title='bbox 481 3387 646 3474; x_wconf 81' lang='lat' dir='ltr'><strong>colligitur</strong></span> <span class='ocrx_word' id='word_1_180' title='bbox 672 3387 751 3476; x_wconf 91' lang='lat' dir='ltr'><strong>quid</strong></span> <span class='ocrx_word' id='word_1_181' title='bbox 772 3391 813 3454; x_wconf 87' lang='lat' dir='ltr'><strong>sit</strong></span> <span class='ocrx_word' id='word_1_182' title='bbox 837 3388 1051 3477; x_wconf 85' lang='lat' dir='ltr'><strong>philosophia.</strong></span> <span class='ocrx_word' id='word_1_183' title='bbox 1083 3391 1196 3456; x_wconf 84' lang='lat' dir='ltr'><strong>Prodit·</strong></span> <span class='ocrx_word' id='word_1_184' title='bbox 1216 3393 1302 3457; x_wconf 89' lang='lat' dir='ltr'><strong>euim</strong></span> <span class='ocrx_word' id='word_1_185' title='bbox 1424 3454 1425 3479; x_wconf 24' lang='grc'>1</span> 
     </span>
     <span class='ocr_line' id='line_1_26' title="bbox 272 3498 1425 3587; baseline 0.009 -26"><span class='ocrx_word' id='word_1_186' title='bbox 272 3498 328 3562; x_wconf 91' lang='lat' dir='ltr'><strong>illa</strong></span> <span class='ocrx_word' id='word_1_187' title='bbox 352 3509 515 3585; x_wconf 84' lang='lat' dir='ltr'><strong>tamquam</strong></span> <span class='ocrx_word' id='word_1_188' title='bbox 541 3503 714 3587; x_wconf 87' lang='lat' dir='ltr'><strong>supientiae</strong></span> <span class='ocrx_word' id='word_1_189' title='bbox 743 3503 886 3570; x_wconf 89' lang='lat' dir='ltr'><strong>studium</strong></span> <span class='ocrx_word' id='word_1_190' title='bbox 906 3516 939 3569; x_wconf 88' lang='lat' dir='ltr'><strong>et</strong></span> <span class='ocrx_word' id='word_1_191' title='bbox 966 3507 1075 3569; x_wconf 77' lang='lat' dir='ltr'><strong>iussas</strong></span> <span class='ocrx_word' id='word_1_192' title='bbox 1097 3505 1303 3571; x_wconf 83' lang='lat' dir='ltr'><strong>animadver·</strong></span> <span class='ocrx_word' id='word_1_193' title='bbox 1422 3500 1425 3585; x_wconf 55' lang='lat' dir='ltr'><strong><em>J</em></strong></span> 
     </span>
    </p>
   </div>
   <div class='ocr_carea' id='block_1_6' title="bbox 272 3613 1302 3705">
    <p class='ocr_par' dir='ltr' id='par_1_7' title="bbox 272 3613 1302 3705">
     <span class='ocr_line' id='line_1_27' title="bbox 272 3613 1302 3705; baseline 0.009 -29"><span class='ocrx_word' id='word_1_194' title='bbox 272 3613 409 3677; x_wconf 87' lang='lat' dir='ltr'><strong>titurio</strong></span> <span class='ocrx_word' id='word_1_195' title='bbox 432 3614 539 3680; x_wconf 89' lang='lat' dir='ltr'><strong>animo</strong></span> <span class='ocrx_word' id='word_1_196' title='bbox 564 3615 724 3697; x_wconf 84' lang='lat' dir='ltr'><strong>humano,</strong></span> <span class='ocrx_word' id='word_1_197' title='bbox 747 3617 840 3701; x_wconf 90' lang='lat' dir='ltr'><strong>cujus</strong></span> <span class='ocrx_word' id='word_1_198' title='bbox 862 3618 902 3682; x_wconf 87' lang='lat' dir='ltr'><strong>ad</strong></span> <span class='ocrx_word' id='word_1_199' title='bbox 925 3614 1127 3705; x_wconf 72' lang='grc' dir='ltr'><strong><em>φιλοσοφίαν</em></strong></span> <span class='ocrx_word' id='word_1_200' title='bbox 1152 3631 1302 3686; x_wconf 87' lang='lat' dir='ltr'><strong>contem-</strong></span> 
     </span>
    </p>
   </div>
   <div class='ocr_carea' id='block_1_7' title="bbox 270 3726 1422 3822">
    <p class='ocr_par' dir='ltr' id='par_1_8' title="bbox 270 3726 1422 3822">
     <span class='ocr_line' id='line_1_28' title="bbox 270 3726 1422 3822; baseline 0.01 -32"><span class='ocrx_word' id='word_1_201' title='bbox 270 3726 421 3812; x_wconf 86' lang='lat' dir='ltr'><strong>plandam</strong></span> <span class='ocrx_word' id='word_1_202' title='bbox 442 3739 474 3793; x_wconf 86' lang='lat' dir='ltr'><strong>et</strong></span> <span class='ocrx_word' id='word_1_203' title='bbox 493 3730 584 3794; x_wconf 90' lang='lat' dir='ltr'><strong>initio</strong></span> <span class='ocrx_word' id='word_1_204' title='bbox 602 3731 817 3796; x_wconf 81' lang='lat' dir='ltr'><strong>invitabamur</strong></span> <span class='ocrx_word' id='word_1_205' title='bbox 835 3745 868 3798; x_wconf 87' lang='lat' dir='ltr'><strong>et</strong></span> <span class='ocrx_word' id='word_1_206' title='bbox 883 3733 1107 3799; x_wconf 86' lang='lat' dir='ltr'><strong>alliciebamur</strong></span> <span class='ocrx_word' id='word_1_207' title='bbox 1123 3747 1301 3822; x_wconf 87' lang='lat' dir='ltr'><strong>perpetuo:</strong></span> <span class='ocrx_word' id='word_1_208' title='bbox 1421 3750 1422 3775; x_wconf 65' lang='lat'>¹</span> 
     </span>
    </p>
   </div>
   <div class='ocr_carea' id='block_1_8' title="bbox 277 3981 478 3996">
    <p class='ocr_par' dir='ltr' id='par_1_9' title="bbox 277 3981 478 3996">
     <span class='ocr_line' id='line_1_29' title="bbox 277 3981 478 3996; baseline 0.015 -2"><span class='ocrx_word' id='word_1_209' title='bbox 277 3981 478 3996; x_wconf 61' lang='lat' dir='ltr'><strong>m</strong></span> 
     </span>
    </p>
   </div>
   <div class='ocr_carea' id='block_1_9' title="bbox 270 4153 1300 4306">
    <p class='ocr_par' dir='ltr' id='par_1_10' title="bbox 270 4153 1300 4306">
     <span class='ocr_line' id='line_1_30' title="bbox 306 4153 1300 4228; baseline 0.011 -25"><span class='ocrx_word' id='word_1_210' title='bbox 306 4153 331 4218; x_wconf 92' lang='lat'><strong>1)</strong></span> <span class='ocrx_word' id='word_1_211' title='bbox 350 4159 386 4206; x_wconf 77' lang='lat' dir='ltr'><strong>(ll.</strong></span> <span class='ocrx_word' id='word_1_212' title='bbox 414 4159 542 4226; x_wconf 73' lang='lat' dir='ltr'><strong>Ovsrss&#39;gt</strong></span> <span class='ocrx_word' id='word_1_213' title='bbox 564 4159 611 4208; x_wconf 82' lang='lat' dir='ltr'><strong>der</strong></span> <span class='ocrx_word' id='word_1_214' title='bbox 633 4159 837 4224; x_wconf 71' lang='lat' dir='ltr'><strong>ussyclopediae,</strong></span> <span class='ocrx_word' id='word_1_215' title='bbox 862 4162 889 4210; x_wconf 90' lang='lat' dir='ltr'><strong>in</strong></span> <span class='ocrx_word' id='word_1_216' title='bbox 916 4163 1016 4213; x_wconf 70' lang='lat' dir='ltr'><strong>Socrui.</strong></span> <span class='ocrx_word' id='word_1_217' title='bbox 1047 4164 1153 4228; x_wconf 82' lang='lat' dir='ltr'><strong>School,</strong></span> <span class='ocrx_word' id='word_1_218' title='bbox 1179 4162 1209 4213; x_wconf 68' lang='lat'><strong>22</strong></span> <span class='ocrx_word' id='word_1_219' title='bbox 1234 4165 1300 4228; x_wconf 64' lang='lat' dir='ltr'><strong>uitss.</strong></span> 
     </span>
     <span class='ocr_line' id='line_1_31' title="bbox 270 4239 461 4306; baseline 0.021 -18"><span class='ocrx_word' id='word_1_220' title='bbox 270 4239 319 4302; x_wconf 73' lang='grc' dir='ltr'><strong>Ν,</strong></span> <span class='ocrx_word' id='word_1_221' title='bbox 334 4241 390 4288; x_wconf 81' lang='lat' dir='ltr'><strong>xlx</strong></span> <span class='ocrx_word' id='word_1_222' title='bbox 408 4257 461 4306; x_wconf 84' lang='lat' dir='ltr'><strong>seq.</strong></span> 
     </span>
    </p>
   </div>
   <div class='ocr_carea' id='block_1_10' title="bbox 305 4317 948 4397">
    <p class='ocr_par' dir='ltr' id='par_1_11' title="bbox 305 4317 948 4397">
     <span class='ocr_line' id='line_1_32' title="bbox 305 4317 948 4397; baseline 0.012 -26"><span class='ocrx_word' id='word_1_223' title='bbox 305 4323 331 4384; x_wconf 71' lang='lat'><strong>2)</strong></span> <span class='ocrx_word' id='word_1_224' title='bbox 350 4317 397 4374; x_wconf 65' lang='lat' dir='ltr'><strong>Brf</strong></span> <span class='ocrx_word' id='word_1_225' title='bbox 416 4343 473 4378; x_wconf 76' lang='lat' dir='ltr'><strong>ever</strong></span> <span class='ocrx_word' id='word_1_226' title='bbox 491 4327 535 4374; x_wconf 75' lang='lat' dir='ltr'><strong>het</strong></span> <span class='ocrx_word' id='word_1_227' title='bbox 550 4325 681 4388; x_wconf 69' lang='lat' dir='ltr'><strong>becsfeaen</strong></span> <span class='ocrx_word' id='word_1_228' title='bbox 697 4328 744 4377; x_wconf 85' lang='lat' dir='ltr'><strong>dsr</strong></span> <span class='ocrx_word' id='word_1_229' title='bbox 760 4332 844 4397; x_wconf 76' lang='lat' dir='ltr'><strong>sc&#39;y&#39;sg.</strong></span> <span class='ocrx_word' id='word_1_230' title='bbox 864 4347 889 4395; x_wconf 94' lang='lat' dir='ltr'><strong>p.</strong></span> <span class='ocrx_word' id='word_1_231' title='bbox 906 4329 948 4380; x_wconf 80' lang='grc'><strong>61.</strong></span> 
     </span>
    </p>
   </div>
   <div class='ocr_carea' id='block_1_11' title="bbox 1415 4122 1418 4313">
    <p class='ocr_par' dir='ltr' id='par_1_12' title="bbox 1415 4122 1418 4323">
     <span class='ocr_line' id='line_1_33' title="bbox 1415 4122 1418 4313; baseline 0 0"><span class='ocrx_word' id='word_1_232' title='bbox 1415 4122 1418 4313; x_wconf 89' lang='lat' dir='ltr'><strong>l</strong></span> 
     </span>
    </p>
   </div>
   <div class='ocr_carea' id='block_1_12' title="bbox 0 0 1442 5075">
    <p class='ocr_par' dir='ltr' id='par_1_13' title="bbox 0 0 1442 5075">
     <span class='ocr_line' id='line_1_34' title="bbox 0 0 1442 5075; baseline 0 4"><span class='ocrx_word' id='word_1_233' title='bbox 0 0 1442 5075; x_wconf 95' lang='lat' dir='ltr'><strong> </strong></span> 
     </span>
    </p>
   </div>
  </div>
 </body>
</html>
