2875 5075
781 491 1028 577 170'·

294 688 399 773 palam
420 688 549 751 lecerat.
562 682 588 773 ¹)
625 686 751 769 Quibus
780 686 912 774 quidem
939 688 1047 765 lectis,
1078 688 1236 752 illustrius
1260 708 1322 751 non

294 802 481 887 requirebas
507 813 755 887 argumentum,
794 813 850 881 ut,
884 823 988 889 quum
1024 802 1064 866 de
1088 802 1158 884 ejus
1189 802 1323 866 consilio
1380 823 1385 829 ·

293 916 570 1003 Encyclopaediae
592 916 735 981 edendae
750 917 1023 1003 percrebruerat,
1046 918 1152 982 statim
1176 916 1325 998 conjice·

294 1146 434 1224 ratinno,
466 1147 599 1211 referret
637 1146 835 1231 scriptorem.
890 1147 981 1210 Hanc
1006 1155 1113 1209 autem
1151 1146 1326 1227 conjectu·

213 1304 217 1311 -
296 1283 362 1325 ram
386 1272 517 1325 eventus
544 1262 673 1325 minime
700 1261 828 1327 lelellit.
872 1260 959 1343 Quin
985 1262 1055 1345 ipse
1074 1261 1209 1339 Terias,
1235 1259 1325 1345 qued

293 1373 566 1442 animadversione
583 1374 775 1461 perdignum
793 1385 862 1455 est,
885 1396 956 1438 eam
975 1396 1044 1438 rem
1066 1396 1131 1437 non
1147 1372 1324 1438 lectoribus

295 1491 427 1576 reliquit
457 1512 475 1553 o
505 1490 588 1555 libro
610 1510 668 1554 suu
691 1489 909 1569 efficiendam,
932 1488 990 1553 sed
1016 1510 1090 1568 eos,
1112 1499 1149 1552 nt
1177 1488 1324 1553 animum

293 1605 495 1672 aduerterent
509 1602 754 1691 efficerentque,
766 1615 929 1690 tamqnam
935 1603 1062 1667 disertis
1069 1603 1174 1667 serbis
1185 1603 1323 1677 monuit.

294 1720 444 1785 Sicanim
460 1720 494 1783 in
514 1718 654 1804 Epistola
674 1718 714 1783 ad
734 1716 898 1786 (llanvan
914 1718 1007 1797 Hall,
1028 1718 1117 1804 operi
1133 1718 1323 1802 praemissa,

293 1834 458 1919 loquitur:
495 1833 563 1897 «de
585 1832 729 1898 Heusdio
757 1833 832 1898 dica
854 1832 917 1898 bac
943 1834 1129 1911 occasione,
1153 1832 1231 1917 quia
1255 1833 1325 1915 ipsa

294 1947 374 2013 baec
399 1947 671 2035 Eacyclcpaedia,
696 1927 941 2035 quantumejus
960 1946 1150 2032 disciplinae
1168 1946 1322 2025 debeam,

295 2075 326 2128 et
349 2084 433 2149 quae
452 2062 522 2146 ejus
541 2064 581 2127 sit
602 2063 706 2127 ineas
726 2063 823 2127 etiam
841 2062 1024 2141 doctrinas,
1046 2083 1125 2148 quas
1141 2062 1212 2146 ipse
1231 2060 1323 2125 sclic-

294 2179 333 2242 lis
352 2178 545 2273 scriptisque
565 2199 628 2242 nen
644 2177 842 2263 explicabat,
866 2177 1029 2255 efficacis,
1053 2175 1222 2241 ostendere
1232 2194 1324 2261 posse

294 2292 461 2359 ridetur.»
474 2289 501 2379 ²)
526 2295 596 2359 latu
607 2294 768 2380 quomedo
776 2294 839 2359 hoc
851 2294 909 2359 illa
921 2294 1084 2360 ostendit?
1107 2294 1323 2381 Frequentine

294 2408 440 2503 locorum
468 2407 642 2493 etdirersis
662 2408 798 2473 chsdii
819 2410 947 2495 scriptis
966 2409 1152 2473 mentione?
1173 2430 1226 2473 -an
1248 2406 1323 2473 'roro

294 2523 447 2590 interiore
473 2522 732 2611 disquisitionum
753 2525 957 2611 partiumque
970 2525 1043 2589 ‘rito
1067 2525 1250 2590 vinctorum
1268 2547 1325 2589 ra·

295 2640 404 2706 tione?
443 2639 601 2726 Equidem
619 2650 663 2704 .et
688 2639 773 2704 banc
793 2639 826 2703 in
852 2640 963 2725 primis
993 2639 1219 2706 attendendam
1246 2661 1323 2706 ceu·

295 2775 365 2832 sen,
378 2764 410 2816 et
421 2753 607 2844 spectandas
625 2754 912 2819 animadversiones
931 2754 972 2818 de
992 2753 1261 2841 encyclopaedia,
1282 2754 1324 2818 de

295 2867 470 2931 arctissima
492 2865 709 2932 doctrinarum
728 2868 956 2954 physicarum,
975 2868 1209 2952 juridicarum,
1228 2867 1324 2932 tbeo-

294 2981 488 3067 logicorum.
511 3001 587 3046 cum
617 2983 703 3045 omui
733 2982 871 3047 bominis
897 2985 1045 3049 libertate
1075 2984 1322 3068 conjunctione,

295 3095 336 3161 de
354 3096 498 3161 sensibus
516 3096 637 3161 homini
662 3097 830 3184 ingenitis,
855 3098 895 3162 de
911 3097 996 3182 juris
1019 3097 1206 3184 disciplinae
1223 3071 1323 3162 initiis

295 3219 393 3299 atque
411 3212 632 3299 progressibus
652 3235 690 3276 ex
713 3213 790 3297 ipsis
816 3213 938 3300 ingenii
955 3213 1089 3278 bumani
1113 3213 1322 3278 facultatibus

297 3337 328 3390 et
347 3326 458 3406 modo,
483 3349 549 3414 quo
567 3326 629 3392 bae
652 3329 822 3394 sensimus
846 3327 1077 3414 explicuerint,
1100 3327 1322 3407 declarandis,

295 3461 402 3528 neque
428 3464 504 3506 vero
531 3441 782 3527 disputationem
802 3442 990 3509 mittendam
1011 3455 1091 3529 puto
1113 3443 1156 3508 de
1177 3442 1325 3525 justitiae

329 3744 356 3812 1)
374 3747 435 3814 Aeg.
464 3747 497 3796 K.
527 3763 556 3795 en
578 3749 688 3798 Latterl.
710 3765 732 3798 a.
753 3746 1068 3815 1834,n.11,p.362;
1090 3747 1214 3817 a.1836‚
1235 3752 1323 3814 1).11,

297 3851 321 3899 p.
341 3831 391 3882 355
414 3839 441 3882 et
458 3833 603 3900 Bydragou
625 3839 663 3882 tot
681 3835 815 3901 liegtsgal.
838 3851 868 3884 on
887 3837 1000 3901 Wctgov.
1023 3837 1085 3884 door
1106 3837 1131 3886 C.
1153 3836 1183 3885 A.
1201 3836 1257 3886 Ilen
1274 3838 1324 3886 'lex

295 3937 328 3970 on
341 3922 365 3971 J.
379 3922 433 3971 Vsu
450 3919 520 3984 llall,
538 3937 561 3970 s.
578 3920 665 3985 1838,
677 3923 705 3971 ll.
721 3921 756 3985 1,
773 3939 798 3987 p.
815 3920 873 3973 tut.
900 3922 970 3972 ldom
983 3923 1096 3985 magistri
1110 3923 1142 3972 de
1155 3923 1324 3989 philosophia

287 4009 363 4076 justi
380 4008 513 4072 opiniones
529 4023 559 4060 ex
580 4008 644 4058 Iris.
661 4013 688 4056 et
702 4007 797 4060 Schola
813 4009 912 4058 Socrot.
928 4008 1019 4058 ductus
1032 4008 1192 4058 adumbrarit
1212 4010 1240 4058 in
1258 4011 1325 4058 Kri-

295 4095 378 4142 tisclra
407 4095 569 4156 Zeitsclmfl
587 4096 641 4154 fiir
666 4095 834 4144 Rechtssciss.
866 4094 920 4142 und
940 4097 1060 4160 Gooetsg.
1090 4096 1135 4145 dos
1160 4096 1321 4162 Acalander,

296 4179 412 4240 hernusg.
430 4197 479 4229 von
497 4181 660 4230 ldittermaier
673 4181 725 4229 und
742 4181 889 4245 urbanae,
906 4197 929 4230 a.
947 4179 1029 4244 1839,
1049 4180 1078 4247 1,
1095 4199 1120 4247 p.
1136 4179 1178 4230 57.

329 4262 356 4328 ἢ)
374 4265 401 4313 P.
419 4265 473 4313 llll.
