2875 5075
746 548 812 609 2³0

224 700 230 713 ⁸
267 744 346 786 rum
359 720 539 785 Leidemie
549 736 684 783 aureum
703 732 869 784 nummum
888 727 1119 802 proposuerat,
1139 717 1172 779 in
1191 715 1307 802 quud-t

267 858 333 922 qne
352 834 542 911 triennium,
568 834 597 897 ei
615 834 783 918 scripturi,
808 831 866 919 qui
888 831 1032 915 proxima
1052 829 1210 893 decennia
1231 831 1296 893 site

267 950 388 1035 pntdae
422 948 603 1025 historiam,
638 947 703 1009 eise
733 947 865 1031 linguae
894 943 1060 1009 scientiam
1084 954 1117 1007 et
1141 944 1296 1029 eloquens

267 1066 358 1140 tiam,
381 1063 447 1125 aive
465 1062 590 1147 poesin,
608 1062 730 1146 optimc
747 1062 782 1124 in
801 1060 905 1145 patria
920 1070 1027 1123 nmtrn
1047 1069 1188 1121 ornasset
1201 1058 1295 1124 libro.

267 1179 304 1241 ln
332 1177 562 1263 Quinqucvids
595 1175 635 1239 de
654 1176 818 1261 praemio,
853 1174 941 1261 quod
970 1196 1000 1238 n.
1037 1174 1123 1237 1830
1157 1174 1298 1257 primum
1350 1151 1357 1164 ⁹

147 1304 152 1311 '
267 1292 513 1370 decerneretur,
550 1289 591 1355 ad
622 1290 815 1355 Societatem
846 1289 995 1354 relaturis
1025 1299 1093 1351 erat
1116 1285 1295 1366 Heuadiua,
1353 1303 1359 1316 ·

267 1408 404 1491 scriptur
412 1405 662 1491 Epistularum
679 1404 719 1467 de
736 1416 870 1468 nutura
886 1416 920 1467 et
930 1400 1076 1467 cmuilic
1092 1381 1299 1467 Institutio·

267 1525 328 1585 uie
345 1518 554 1606 Superioris.
599 1521 668 1583 Hoc
694 1539 774 1603 epus
804 1531 840 1583 ut
863 1517 965 1583 literis
993 1515 1107 1581 nustria
1133 1513 1243 1580 decori
1265 1530 1297 1582 et

267 1644 471 1713 ornamenta,
483 1635 527 1699 ita
538 1634 674 1720 dignum
687 1656 755 1697 esse
762 1632 988 1714 judicabatur,
1001 1629 1094 1713 cujus
1102 1630 1143 1694 ad
1153 1629 1298 1715 adeptio·

272 1772 346 1813 nem
367 1750 501 1837 praemii
530 1751 613 1814 ratic
639 1746 823 1811 hebetetur.
868 1747 988 1814 Verum
1010 1742 1151 1809 Heusdiu
1177 1744 1211 1807 id
1241 1748 1300 1810 mi·

267 1866 352 1929 nime
368 1864 402 1927 in
418 1866 498 1927 entis
518 1873 597 1929 erat.
633 1884 651 1924 a
663 1862 826 1947 Epistoiae
846 1890 881 1907 *—
906 1863 1011 1948 inquit
1031 1864 1109 1931 mibi
1127 1885 1162 1905 ⁸-
1178 1862 1301 1927 curabo

267 1994 308 2043 ne
327 1980 361 2041 in
381 1999 513 2043 censum
524 1978 663 2043 veniant.
698 1976 821 2042 Vereor
831 1987 957 2057 autem,
980 1988 1017 2041 ut
1034 1980 1204 2045 societatis
1224 1999 1300 2043 con·

268 2094 339 2157 silio
358 2090 504 2157 satisfieri
524 2114 541 2156 a
562 2092 652 2156 nubis
670 2092 779 2177 possit.
805 2091 868 2155 Sed
884 2093 965 2155 ecin'
977 2093 1057 2179 qnid
1070 2094 1191 2160 relitn?
1207 2095 1299 2158 micea

268 2209 401 2293 encipiti
430 2206 486 2271 illa
509 2217 543 2270 et
569 2206 678 2271 multis
705 2207 739 2268 in
769 2205 829 2271 bac
856 2207 959 2290 patria
987 2220 1093 2273 nostra
1122 2185 1300 2275 certissime

270 2321 471 2407 displicitura
486 2320 710 2407 indagatione,
737 2343 811 2385 eum
829 2323 936 2386 ornari
960 2323 1083 2404 virum,
1108 2324 1204 2407 cnjus
1228 2321 1300 2386 diu·

267 2448 394 2501 turcam
411 2446 443 2499 et
455 2456 529 2500 rem
547 2434 792 2500 saluberrimam
810 2435 846 2499 in
866 2436 967 2499 literis
985 2439 1102 2502 nostris
1119 2439 1183 2501 tim
1200 2438 1300 2523 auspi·

266 2555 366 2618 cimus
389 2570 514 2618 omnes:
539 2551 713 2630 Palminm,
733 2553 768 2614 in
793 2550 979 2637 eloquentia
996 2553 1149 2619 furnilium
1175 2553 1301 2619 ducem

267 2681 354 2746 tem,
387 2667 500 2753 ecquis
542 2667 657 2730 eximin
690 2666 856 2730 sacietatis
891 2667 1050 2732 leidensis
1081 2668 1204 2733 bonore
1235 2690 1300 2734 nun

266 2783 486 2868 dignissimum
505 2781 780 2866 pronuntiabiti»
814 2783 899 2846 Haec
913 2782 982 2849 ille.
1006 2783 1157 2848 Novimus
1172 2795 1299 2864 tutem,

265 2897 457 2961 Societatem
478 2917 636 2960 ascensam
659 2896 889 2982 Qninqneriria
914 2919 999 2978 esse,
1019 2900 1108 2982 prius
1126 2897 1298 2962 eonsilium

266 3008 541 3088 dissuadentibus,
561 3009 771 3074 suadentibus
786 3031 863 3076 vern
877 3023 915 3077 ut
932 3011 1142 3099 Bilderdykin
1168 3023 1202 3090 ct
1225 3012 1299 3078 Pal*
1386 3002 1389 3008 ⁴

266 3127 346 3204 mio,
358 3125 425 3188 sais
436 3124 566 3211 utrique
577 3125 698 3188 meritis
711 3126 991 3203 excellentissima,
999 3147 1116 3191 aurens
1124 3126 1298 3191 donaretur

267 3261 427 3305 nummus.
441 3238 465 3325 ¹)
492 3240 615 3303 Pariter
634 3240 703 3324 ipee
723 3241 848 3326 aliquot
866 3242 957 3306 annis
977 3253 1069 3320 ante,
1090 3253 1192 3328 quum
1211 3240 1299 3304 ardi-

267 3355 314 3417 nis
334 3354 434 3418 tennis
454 3352 658 3420 Neerlandici
678 3354 859 3440 insignibus
887 3367 1017 3420 ornatus
1038 3367 1142 3436 esset,
1171 3355 1300 3440 «pudet

267 3491 318 3532 nae
336 3507 372 3518 -
388 3468 493 3552 ajebat
511 3467 685 3532 identidem
707 3469 951 3553 uxori—hujus
974 3468 1125 3551 honoris,
1148 3491 1249 3557 quam
1265 3471 1299 3534 in
1381 3465 1386 3472 ’

270 3584 416 3671 egregins
438 3581 593 3670 quosdam
612 3583 697 3647 virae
718 3584 873 3649 collatum
890 3583 977 3650 baad
998 3585 1125 3650 videt.»

310 3697 373 3762 Sed
394 3698 591 3784 attingebam
615 3697 710 3762 medo
737 3700 801 3762 veri
825 3712 978 3768 amorem.
1010 3701 1113 3784 Hujus
1133 3723 1171 3764 ex
1189 3701 1301 3764 iucre-

269 3947 472 3954 --———-—-—-

302 4108 328 4170 1)
347 4110 419 4160 Vidd.
438 4111 620 4177 [landelinus
638 4127 687 4160 vua
705 4113 737 4162 da
749 4113 929 4180 jaariylucb'e
944 4114 1120 4180 mgodm'ng
1139 4115 1191 4162 dar
1211 4116 1298 4163 Muct-

268 4197 383 4262 acbuppgt
406 4213 454 4246 uun
474 4197 684 4247 Nedarlnndrclm
710 4199 882 4248 letterkuuda
904 4206 929 4248 te
953 4201 1067 4265 Laden,
1092 4199 1174 4264 1828,
1193 4219 1218 4267 p.
1245 4198 1295 4257 ⁶43

269 4281 349 4344 1829,
370 4299 394 4348 p.
421 4281 467 4340 71;
488 4281 573 4346 teau,
593 4301 616 4347 p.
639 4283 687 4342 4⁴¹5
707 4285 790 4349 1831,
810 4303 834 4349 p.
854 4285 896 4336 43.
