<?xml version="1.0" encoding="UTF-8"?>
<!DOCTYPE html PUBLIC "-//W3C//DTD XHTML 1.0 Transitional//EN"
    "http://www.w3.org/TR/xhtml1/DTD/xhtml1-transitional.dtd">
<html xmlns="http://www.w3.org/1999/xhtml" xml:lang="en" lang="en">
 <head>
  <title>
</title>
<meta http-equiv="Content-Type" content="text/html;charset=utf-8" />
  <meta name='ocr-system' content='tesseract 3.04.00' />
  <meta name='ocr-capabilities' content='ocr_page ocr_carea ocr_par ocr_line ocrx_word'/>
</head>
<body>
  <div class='ocr_page' id='page_1' title='image "./memoriaheusdii00rovegoog_0214.png"; bbox 0 0 2875 5075; ppageno 0'>
   <div class='ocr_carea' id='block_1_1' title="bbox 595 537 755 622">
    <p class='ocr_par' dir='ltr' id='par_1_1' title="bbox 595 537 755 622">
     <span class='ocr_line' id='line_1_1' title="bbox 595 537 755 622; baseline 0.025 -24"><span class='ocrx_word' id='word_1_1' title='bbox 595 537 659 601; x_wconf 82' lang='lat' dir='ltr'><strong>eos</strong></span> <span class='ocrx_word' id='word_1_2' title='bbox 749 616 755 622; x_wconf 48' lang='grc'><strong>,</strong></span> 
     </span>
    </p>
   </div>
   <div class='ocr_carea' id='block_1_2' title="bbox 16 705 1245 2740">
    <p class='ocr_par' dir='ltr' id='par_1_2' title="bbox 16 705 1245 2740">
     <span class='ocr_line' id='line_1_2' title="bbox 116 705 1145 797; baseline 0.001 -23"><span class='ocrx_word' id='word_1_3' title='bbox 116 722 193 777; x_wconf 88' lang='lat' dir='ltr'><strong>nota</strong></span> <span class='ocrx_word' id='word_1_4' title='bbox 205 708 432 791; x_wconf 74' lang='lat' dir='ltr'><strong>essedoetoris</strong></span> <span class='ocrx_word' id='word_1_5' title='bbox 448 705 562 789; x_wconf 75' lang='lat' dir='ltr'><strong>ineam</strong></span> <span class='ocrx_word' id='word_1_6' title='bbox 574 710 708 788; x_wconf 83' lang='lat' dir='ltr'><strong>merite,</strong></span> <span class='ocrx_word' id='word_1_7' title='bbox 728 710 785 774; x_wconf 88' lang='lat' dir='ltr'><strong>sed</strong></span> <span class='ocrx_word' id='word_1_8' title='bbox 800 731 871 797; x_wconf 85' lang='lat' dir='ltr'><strong>quo</strong></span> <span class='ocrx_word' id='word_1_9' title='bbox 887 712 1029 792; x_wconf 79' lang='lat' dir='ltr'><strong>notiore,</strong></span> <span class='ocrx_word' id='word_1_10' title='bbox 1043 735 1080 776; x_wconf 89' lang='lat' dir='ltr'><strong>so</strong></span> <span class='ocrx_word' id='word_1_11' title='bbox 1092 732 1145 776; x_wconf 83' lang='lat' dir='ltr'><strong>se·</strong></span> 
     </span>
     <span class='ocr_line' id='line_1_3' title="bbox 112 801 1160 907; baseline 0.002 -18"><span class='ocrx_word' id='word_1_12' title='bbox 112 825 293 889; x_wconf 70' lang='lat' dir='ltr'><strong>hemensius</strong></span> <span class='ocrx_word' id='word_1_13' title='bbox 312 824 434 907; x_wconf 82' lang='lat' dir='ltr'><strong>opteri,</strong></span> <span class='ocrx_word' id='word_1_14' title='bbox 446 844 487 886; x_wconf 88' lang='lat' dir='ltr'><strong>ne</strong></span> <span class='ocrx_word' id='word_1_15' title='bbox 497 822 725 888; x_wconf 75' lang='lat' dir='ltr'><strong>diuturnorum</strong></span> <span class='ocrx_word' id='word_1_16' title='bbox 741 824 922 891; x_wconf 81' lang='lat' dir='ltr'><strong>studiorum</strong></span> <span class='ocrx_word' id='word_1_17' title='bbox 945 828 1074 894; x_wconf 79' lang='lat' dir='ltr'><strong>innotus</strong></span> <span class='ocrx_word' id='word_1_18' title='bbox 1088 801 1160 891; x_wconf 61' lang='lat' dir='ltr'><strong>hic,</strong></span> 
     </span>
     <span class='ocr_line' id='line_1_4' title="bbox 111 936 1245 1026; baseline -0.003 -22"><span class='ocrx_word' id='word_1_19' title='bbox 111 941 181 1005; x_wconf 91' lang='lat' dir='ltr'><strong>illic</strong></span> <span class='ocrx_word' id='word_1_20' title='bbox 200 938 358 1025; x_wconf 89' lang='lat' dir='ltr'><strong>dispersos</strong></span> <span class='ocrx_word' id='word_1_21' title='bbox 371 936 480 1020; x_wconf 86' lang='lat' dir='ltr'><strong>jecere</strong></span> <span class='ocrx_word' id='word_1_22' title='bbox 497 938 635 1017; x_wconf 78' lang='lat' dir='ltr'><strong>sineret,</strong></span> <span class='ocrx_word' id='word_1_23' title='bbox 655 959 767 1003; x_wconf 87' lang='lat' dir='ltr'><strong>verum</strong></span> <span class='ocrx_word' id='word_1_24' title='bbox 781 939 936 1005; x_wconf 84' lang='lat' dir='ltr'><strong>collectos</strong></span> <span class='ocrx_word' id='word_1_25' title='bbox 954 942 1040 1026; x_wconf 88' lang='lat' dir='ltr'><strong>ipsos</strong></span> <span class='ocrx_word' id='word_1_26' title='bbox 1058 940 1145 1007; x_wconf 87' lang='lat' dir='ltr'><strong>ordi·</strong></span> <span class='ocrx_word' id='word_1_27' title='bbox 1243 997 1245 1001; x_wconf 12' lang='grc' dir='ltr'><em>Α</em></span> 
     </span>
     <span class='ocr_line' id='line_1_5' title="bbox 111 1051 1146 1140; baseline 0.002 -23"><span class='ocrx_word' id='word_1_28' title='bbox 111 1066 268 1139; x_wconf 88' lang='lat' dir='ltr'><strong>natosque</strong></span> <span class='ocrx_word' id='word_1_29' title='bbox 288 1052 411 1139; x_wconf 90' lang='lat' dir='ltr'><strong>publici</strong></span> <span class='ocrx_word' id='word_1_30' title='bbox 423 1051 511 1135; x_wconf 86' lang='lat' dir='ltr'><strong>juris</strong></span> <span class='ocrx_word' id='word_1_31' title='bbox 525 1052 655 1117; x_wconf 84' lang='lat' dir='ltr'><strong>iaceret.</strong></span> <span class='ocrx_word' id='word_1_32' title='bbox 678 1054 780 1119; x_wconf 87' lang='lat' dir='ltr'><strong>Recte</strong></span> <span class='ocrx_word' id='word_1_33' title='bbox 795 1053 864 1133; x_wconf 90' lang='lat' dir='ltr'><strong>illi,</strong></span> <span class='ocrx_word' id='word_1_34' title='bbox 881 1055 1146 1140; x_wconf 85' lang='lat' dir='ltr'><strong>nequellensdio</strong></span> 
     </span>
     <span class='ocr_line' id='line_1_6' title="bbox 112 1166 1145 1254; baseline 0 -21"><span class='ocrx_word' id='word_1_35' title='bbox 112 1190 177 1233; x_wconf 90' lang='lat' dir='ltr'><strong>non</strong></span> <span class='ocrx_word' id='word_1_36' title='bbox 205 1166 383 1253; x_wconf 79' lang='lat' dir='ltr'><strong>probante,</strong></span> <span class='ocrx_word' id='word_1_37' title='bbox 412 1166 596 1233; x_wconf 82' lang='lat' dir='ltr'><strong>monebant.</strong></span> <span class='ocrx_word' id='word_1_38' title='bbox 650 1167 723 1252; x_wconf 88' lang='lat' dir='ltr'><strong>lpse</strong></span> <span class='ocrx_word' id='word_1_39' title='bbox 754 1168 852 1241; x_wconf 83' lang='lat' dir='ltr'><strong>enim</strong></span> <span class='ocrx_word' id='word_1_40' title='bbox 866 1168 1017 1241; x_wconf 86' lang='lat' dir='ltr'><strong>&#39;historici</strong></span> <span class='ocrx_word' id='word_1_41' title='bbox 1040 1171 1145 1254; x_wconf 88' lang='lat' dir='ltr'><strong>operis</strong></span> 
     </span>
     <span class='ocr_line' id='line_1_7' title="bbox 112 1279 1146 1371; baseline 0.001 -24"><span class='ocrx_word' id='word_1_42' title='bbox 112 1280 285 1369; x_wconf 83' lang='lat' dir='ltr'><strong>aliquando</strong></span> <span class='ocrx_word' id='word_1_43' title='bbox 305 1279 421 1345; x_wconf 84' lang='lat' dir='ltr'><strong>edendi</strong></span> <span class='ocrx_word' id='word_1_44' title='bbox 439 1281 609 1348; x_wconf 86' lang='lat' dir='ltr'><strong>consilium</strong></span> <span class='ocrx_word' id='word_1_45' title='bbox 620 1279 736 1367; x_wconf 86' lang='lat' dir='ltr'><strong>perdiu</strong></span> <span class='ocrx_word' id='word_1_46' title='bbox 751 1280 890 1368; x_wconf 76' lang='lat' dir='ltr'><strong>agitasse</strong></span> <span class='ocrx_word' id='word_1_47' title='bbox 904 1281 1049 1363; x_wconf 86' lang='lat' dir='ltr'><strong>ridetur,</strong></span> <span class='ocrx_word' id='word_1_48' title='bbox 1064 1279 1090 1371; x_wconf 86' lang='lat'><strong>¹)</strong></span> <span class='ocrx_word' id='word_1_49' title='bbox 1113 1296 1146 1348; x_wconf 90' lang='lat' dir='ltr'><strong>et</strong></span> 
     </span>
     <span class='ocr_line' id='line_1_8' title="bbox 16 1378 1147 1487; baseline -0.001 -25"><span class='ocrx_word' id='word_1_50' title='bbox 16 1378 17 1381; x_wconf 8' lang='grc' dir='ltr'><strong>Ἴ</strong></span> <span class='ocrx_word' id='word_1_51' title='bbox 107 1396 174 1481; x_wconf 89' lang='lat' dir='ltr'><strong>jam</strong></span> <span class='ocrx_word' id='word_1_52' title='bbox 192 1397 393 1487; x_wconf 75' lang='lat' dir='ltr'><strong>nnnc‘21835</strong></span> <span class='ocrx_word' id='word_1_53' title='bbox 416 1406 538 1460; x_wconf 82' lang='lat' dir='ltr'><strong>erotem</strong></span> <span class='ocrx_word' id='word_1_54' title='bbox 560 1394 732 1475; x_wconf 82' lang='lat' dir='ltr'><strong>indicarit,</strong></span> <span class='ocrx_word' id='word_1_55' title='bbox 756 1417 841 1483; x_wconf 86' lang='lat' dir='ltr'><strong>quae</strong></span> <span class='ocrx_word' id='word_1_56' title='bbox 862 1397 893 1461; x_wconf 89' lang='lat' dir='ltr'><strong>ei</strong></span> <span class='ocrx_word' id='word_1_57' title='bbox 909 1420 991 1463; x_wconf 84' lang='lat' dir='ltr'><strong>cnm</strong></span> <span class='ocrx_word' id='word_1_58' title='bbox 1018 1398 1147 1483; x_wconf 80' lang='lat' dir='ltr'><strong>scriptis</strong></span> 
     </span>
     <span class='ocr_line' id='line_1_9' title="bbox 111 1509 1147 1598; baseline -0.001 -21"><span class='ocrx_word' id='word_1_59' title='bbox 111 1509 549 1598; x_wconf 82' lang='lat' dir='ltr'><strong>philosophisiptercederet,</strong></span> <span class='ocrx_word' id='word_1_60' title='bbox 571 1510 847 1576; x_wconf 73' lang='lat' dir='ltr'><strong>necessitudinem.</strong></span> <span class='ocrx_word' id='word_1_61' title='bbox 877 1512 1147 1598; x_wconf 80' lang='lat' dir='ltr'><strong>Nemversephi·</strong></span> 
     </span>
     <span class='ocr_line' id='line_1_10' title="bbox 112 1624 1145 1712; baseline -0.001 -21"><span class='ocrx_word' id='word_1_62' title='bbox 112 1625 274 1711; x_wconf 88' lang='lat' dir='ltr'><strong>losophiae</strong></span> <span class='ocrx_word' id='word_1_63' title='bbox 292 1645 375 1689; x_wconf 87' lang='lat' dir='ltr'><strong>cum</strong></span> <span class='ocrx_word' id='word_1_64' title='bbox 401 1644 477 1689; x_wconf 84' lang='lat' dir='ltr'><strong>rora</strong></span> <span class='ocrx_word' id='word_1_65' title='bbox 499 1624 654 1710; x_wconf 78' lang='lat' dir='ltr'><strong>religione</strong></span> <span class='ocrx_word' id='word_1_66' title='bbox 680 1624 924 1712; x_wconf 88' lang='lat' dir='ltr'><strong>conjungendae</strong></span> <span class='ocrx_word' id='word_1_67' title='bbox 947 1638 1145 1691; x_wconf 84' lang='lat' dir='ltr'><strong>momentum</strong></span> 
     </span>
     <span class='ocr_line' id='line_1_11' title="bbox 111 1736 1146 1827; baseline -0.002 -22"><span class='ocrx_word' id='word_1_68' title='bbox 111 1740 277 1819; x_wconf 84' lang='lat' dir='ltr'><strong>indicans,</strong></span> <span class='ocrx_word' id='word_1_69' title='bbox 300 1737 379 1803; x_wconf 82' lang='lat' dir='ltr'><strong>«hes</strong></span> <span class='ocrx_word' id='word_1_70' title='bbox 391 1737 639 1824; x_wconf 84' lang='lat' dir='ltr'><strong>-inquit—-de</strong></span> <span class='ocrx_word' id='word_1_71' title='bbox 651 1736 951 1825; x_wconf 82' lang='lat' dir='ltr'><strong>pbilosophiaaliee</strong></span> <span class='ocrx_word' id='word_1_72' title='bbox 968 1751 1146 1827; x_wconf 86' lang='lat' dir='ltr'><strong>sequentur</strong></span> 
     </span>
     <span class='ocr_line' id='line_1_12' title="bbox 112 1852 1145 1941; baseline -0.001 -21"><span class='ocrx_word' id='word_1_73' title='bbox 112 1856 153 1920; x_wconf 87' lang='lat' dir='ltr'><strong>de</strong></span> <span class='ocrx_word' id='word_1_74' title='bbox 173 1854 305 1919; x_wconf 83' lang='lat' dir='ltr'><strong>historia</strong></span> <span class='ocrx_word' id='word_1_75' title='bbox 326 1852 585 1938; x_wconf 82' lang='lat' dir='ltr'><strong>disquisitiones,</strong></span> <span class='ocrx_word' id='word_1_76' title='bbox 609 1864 640 1915; x_wconf 88' lang='lat' dir='ltr'><strong>et</strong></span> <span class='ocrx_word' id='word_1_77' title='bbox 672 1856 855 1941; x_wconf 75' lang='lat' dir='ltr'><strong>utriusque</strong></span> <span class='ocrx_word' id='word_1_78' title='bbox 877 1879 952 1941; x_wconf 83' lang='lat' dir='ltr'><strong>ope,</strong></span> <span class='ocrx_word' id='word_1_79' title='bbox 972 1856 1008 1920; x_wconf 90' lang='lat' dir='ltr'><strong>in</strong></span> <span class='ocrx_word' id='word_1_80' title='bbox 1028 1857 1145 1919; x_wconf 58' lang='lat' dir='ltr'><strong>verita*</strong></span> 
     </span>
     <span class='ocr_line' id='line_1_13' title="bbox 113 1966 1145 2056; baseline -0.001 -22"><span class='ocrx_word' id='word_1_81' title='bbox 113 1970 281 2043; x_wconf 74' lang='lat' dir='ltr'><strong>tisluuem</strong></span> <span class='ocrx_word' id='word_1_82' title='bbox 299 1968 443 2054; x_wconf 83' lang='lat' dir='ltr'><strong>prolerre</strong></span> <span class='ocrx_word' id='word_1_83' title='bbox 461 1966 619 2046; x_wconf 86' lang='lat' dir='ltr'><strong>conabor,</strong></span> <span class='ocrx_word' id='word_1_84' title='bbox 644 1968 724 2054; x_wconf 92' lang='lat' dir='ltr'><strong>quid</strong></span> <span class='ocrx_word' id='word_1_85' title='bbox 745 1968 896 2056; x_wconf 74' lang='lat' dir='ltr'><strong>religio,</strong></span> <span class='ocrx_word' id='word_1_86' title='bbox 917 1970 952 2033; x_wconf 92' lang='lat' dir='ltr'><strong>in</strong></span> <span class='ocrx_word' id='word_1_87' title='bbox 969 1971 1145 2056; x_wconf 83' lang='lat' dir='ltr'><strong>primisque</strong></span> 
     </span>
     <span class='ocr_line' id='line_1_14' title="bbox 112 2065 1145 2168; baseline 0 -21"><span class='ocrx_word' id='word_1_88' title='bbox 112 2096 233 2147; x_wconf 76' lang='lat' dir='ltr'><strong>nostru</strong></span> <span class='ocrx_word' id='word_1_89' title='bbox 252 2065 366 2168; x_wconf 83' lang='lat' dir='ltr'><strong>religio</strong></span> <span class='ocrx_word' id='word_1_90' title='bbox 386 2082 497 2167; x_wconf 86' lang='lat' dir='ltr'><strong>generi</strong></span> <span class='ocrx_word' id='word_1_91' title='bbox 514 2080 652 2145; x_wconf 85' lang='lat' dir='ltr'><strong>humano</strong></span> <span class='ocrx_word' id='word_1_92' title='bbox 668 2080 776 2147; x_wconf 84' lang='lat' dir='ltr'><strong>adhuc</strong></span> <span class='ocrx_word' id='word_1_93' title='bbox 786 2084 901 2163; x_wconf 85' lang='lat' dir='ltr'><strong>inerit,</strong></span> <span class='ocrx_word' id='word_1_94' title='bbox 918 2095 970 2163; x_wconf 90' lang='lat' dir='ltr'><strong>et,</strong></span> <span class='ocrx_word' id='word_1_95' title='bbox 988 2085 1023 2146; x_wconf 87' lang='lat' dir='ltr'><strong>in</strong></span> <span class='ocrx_word' id='word_1_96' title='bbox 1038 2084 1145 2148; x_wconf 83' lang='lat' dir='ltr'><strong>cultus</strong></span> 
     </span>
     <span class='ocr_line' id='line_1_15' title="bbox 113 2196 1146 2284; baseline 0.001 -23"><span class='ocrx_word' id='word_1_97' title='bbox 113 2219 150 2263; x_wconf 87' lang='lat' dir='ltr'><strong>ac</strong></span> <span class='ocrx_word' id='word_1_98' title='bbox 165 2196 384 2261; x_wconf 81' lang='lat' dir='ltr'><strong>humanitatis</strong></span> <span class='ocrx_word' id='word_1_99' title='bbox 416 2196 656 2281; x_wconf 84' lang='lat' dir='ltr'><strong>progressione,</strong></span> <span class='ocrx_word' id='word_1_100' title='bbox 691 2218 788 2281; x_wconf 83' lang='lat' dir='ltr'><strong>porro</strong></span> <span class='ocrx_word' id='word_1_101' title='bbox 822 2219 890 2261; x_wconf 88' lang='lat' dir='ltr'><strong>esse</strong></span> <span class='ocrx_word' id='word_1_102' title='bbox 922 2209 955 2261; x_wconf 86' lang='lat' dir='ltr'><strong>et</strong></span> <span class='ocrx_word' id='word_1_103' title='bbox 984 2200 1084 2284; x_wconf 80' lang='lat' dir='ltr'><strong>possit</strong></span> <span class='ocrx_word' id='word_1_104' title='bbox 1114 2210 1146 2262; x_wconf 89' lang='lat' dir='ltr'><strong>et</strong></span> 
     </span>
     <span class='ocr_line' id='line_1_16' title="bbox 63 2308 1147 2400; baseline 0.001 -24"><span class='ocrx_word' id='word_1_105' title='bbox 63 2334 68 2341; x_wconf 94' lang='lat'>·</span> <span class='ocrx_word' id='word_1_106' title='bbox 114 2311 266 2377; x_wconf 82' lang='lat' dir='ltr'><strong>debeat.»</strong></span> <span class='ocrx_word' id='word_1_107' title='bbox 276 2308 306 2395; x_wconf 66' lang='grc'><strong>’2)</strong></span> <span class='ocrx_word' id='word_1_108' title='bbox 352 2310 413 2374; x_wconf 79' lang='lat' dir='ltr'><strong>tlte</strong></span> <span class='ocrx_word' id='word_1_109' title='bbox 454 2309 749 2396; x_wconf 72' lang='lat' dir='ltr'><strong>Eucgclopoodioe</strong></span> <span class='ocrx_word' id='word_1_110' title='bbox 776 2313 979 2398; x_wconf 52' lang='lat' dir='ltr'><strong>scriptorem*</strong></span> <span class='ocrx_word' id='word_1_111' title='bbox 999 2314 1147 2400; x_wconf 78' lang='lat' dir='ltr'><strong>agnosci·</strong></span> 
     </span>
     <span class='ocr_line' id='line_1_17' title="bbox 112 2424 1146 2512; baseline -0.002 -21"><span class='ocrx_word' id='word_1_112' title='bbox 112 2448 205 2506; x_wconf 88' lang='lat' dir='ltr'><strong>mus,</strong></span> <span class='ocrx_word' id='word_1_113' title='bbox 230 2448 286 2490; x_wconf 83' lang='lat' dir='ltr'><strong>suu</strong></span> <span class='ocrx_word' id='word_1_114' title='bbox 308 2425 470 2489; x_wconf 85' lang='lat' dir='ltr'><strong>nolentem</strong></span> <span class='ocrx_word' id='word_1_115' title='bbox 496 2424 676 2508; x_wconf 81' lang='lat' dir='ltr'><strong>disjuncta,</strong></span> <span class='ocrx_word' id='word_1_116' title='bbox 701 2447 805 2512; x_wconf 90' lang='lat' dir='ltr'><strong>quum</strong></span> <span class='ocrx_word' id='word_1_117' title='bbox 826 2427 1015 2510; x_wconf 76' lang='lat' dir='ltr'><strong>conjunctas</strong></span> <span class='ocrx_word' id='word_1_118' title='bbox 1041 2426 1146 2512; x_wconf 90' lang='lat' dir='ltr'><strong>plsilo-</strong></span> 
     </span>
     <span class='ocr_line' id='line_1_18' title="bbox 113 2537 1145 2628; baseline -0.001 -22"><span class='ocrx_word' id='word_1_119' title='bbox 113 2541 258 2628; x_wconf 82' lang='lat' dir='ltr'><strong>sophiam</strong></span> <span class='ocrx_word' id='word_1_120' title='bbox 291 2552 323 2603; x_wconf 84' lang='lat' dir='ltr'><strong>et</strong></span> <span class='ocrx_word' id='word_1_121' title='bbox 352 2539 520 2603; x_wconf 79' lang='lat' dir='ltr'><strong>historiam</strong></span> <span class='ocrx_word' id='word_1_122' title='bbox 548 2541 651 2624; x_wconf 82' lang='lat' dir='ltr'><strong>ipsam</strong></span> <span class='ocrx_word' id='word_1_123' title='bbox 677 2551 816 2624; x_wconf 86' lang='lat' dir='ltr'><strong>putaret.</strong></span> <span class='ocrx_word' id='word_1_124' title='bbox 830 2537 857 2626; x_wconf 76' lang='lat'><strong>⁸)</strong></span> <span class='ocrx_word' id='word_1_125' title='bbox 898 2541 1030 2606; x_wconf 83' lang='lat' dir='ltr'><strong>Scilicet</strong></span> <span class='ocrx_word' id='word_1_126' title='bbox 1050 2541 1145 2626; x_wconf 83' lang='lat' dir='ltr'><strong>qnod</strong></span> 
     </span>
     <span class='ocr_line' id='line_1_19' title="bbox 111 2643 1147 2740; baseline -0.001 -19"><span class='ocrx_word' id='word_1_127' title='bbox 111 2655 339 2732; x_wconf 81' lang='lat' dir='ltr'><strong>affirmaverat,</strong></span> <span class='ocrx_word' id='word_1_128' title='bbox 371 2653 406 2716; x_wconf 90' lang='lat' dir='ltr'><strong>in</strong></span> <span class='ocrx_word' id='word_1_129' title='bbox 432 2653 552 2716; x_wconf 75' lang='lat' dir='ltr'><strong>aetiam</strong></span> <span class='ocrx_word' id='word_1_130' title='bbox 583 2675 621 2719; x_wconf 87' lang='lat' dir='ltr'><strong>ac</strong></span> <span class='ocrx_word' id='word_1_131' title='bbox 644 2653 886 2740; x_wconf 86' lang='lat' dir='ltr'><strong>disciplinarum</strong></span> <span class='ocrx_word' id='word_1_132' title='bbox 908 2643 1011 2736; x_wconf 55' lang='lat' dir='ltr'><strong>uelato</strong></span> <span class='ocrx_word' id='word_1_133' title='bbox 1042 2655 1147 2740; x_wconf 86' lang='lat' dir='ltr'><strong>pbilo-</strong></span> 
     </span>
    </p>
   </div>
   <div class='ocr_carea' id='block_1_3' title="bbox 111 2764 1263 2856">
    <p class='ocr_par' dir='ltr' id='par_1_3' title="bbox 111 2764 1263 2856">
     <span class='ocr_line' id='line_1_20' title="bbox 111 2764 1263 2856; baseline -0.001 -21"><span class='ocrx_word' id='word_1_134' title='bbox 111 2769 258 2854; x_wconf 80' lang='lat' dir='ltr'><strong>sophiam</strong></span> <span class='ocrx_word' id='word_1_135' title='bbox 277 2764 545 2832; x_wconf 77' lang='lat' dir='ltr'><strong>medin&#39;m&#39;lo&#39;ouui</strong></span> <span class='ocrx_word' id='word_1_136' title='bbox 562 2779 672 2831; x_wconf 88' lang='lat' dir='ltr'><strong>tenere</strong></span> <span class='ocrx_word' id='word_1_137' title='bbox 692 2778 877 2853; x_wconf 69' lang='lat' dir='ltr'><strong>canemque</strong></span> <span class='ocrx_word' id='word_1_138' title='bbox 894 2767 972 2834; x_wconf 89' lang='lat' dir='ltr'><strong>hiuc</strong></span> <span class='ocrx_word' id='word_1_139' title='bbox 989 2768 1146 2856; x_wconf 81' lang='lat' dir='ltr'><strong>dirigere,</strong></span> <span class='ocrx_word' id='word_1_140' title='bbox 1260 2813 1263 2817; x_wconf 91' lang='lat'>-</span> 
     </span>
    </p>
   </div>
   <div class='ocr_carea' id='block_1_4' title="bbox 111 2880 1145 3082">
    <p class='ocr_par' dir='ltr' id='par_1_4' title="bbox 111 2880 1145 3082">
     <span class='ocr_line' id='line_1_21' title="bbox 111 2880 1145 2969; baseline 0 -20"><span class='ocrx_word' id='word_1_141' title='bbox 111 2883 279 2949; x_wconf 82' lang='lat' dir='ltr'><strong>historiam</strong></span> <span class='ocrx_word' id='word_1_142' title='bbox 295 2903 382 2958; x_wconf 52' lang='lat' dir='ltr'><strong>vero*</strong></span> <span class='ocrx_word' id='word_1_143' title='bbox 392 2893 497 2946; x_wconf 82' lang='lat' dir='ltr'><strong>totum</strong></span> <span class='ocrx_word' id='word_1_144' title='bbox 515 2880 789 2966; x_wconf 83' lang='lat' dir='ltr'><strong>comprehendere</strong></span> <span class='ocrx_word' id='word_1_145' title='bbox 804 2883 901 2969; x_wconf 89' lang='lat' dir='ltr'><strong>eique</strong></span> <span class='ocrx_word' id='word_1_146' title='bbox 919 2883 1027 2948; x_wconf 86' lang='lat' dir='ltr'><strong>lucem</strong></span> <span class='ocrx_word' id='word_1_147' title='bbox 1042 2884 1145 2950; x_wconf 79' lang='lat' dir='ltr'><strong>affun-</strong></span> 
     </span>
     <span class='ocr_line' id='line_1_22' title="bbox 112 2995 1145 3082; baseline 0.002 -20"><span class='ocrx_word' id='word_1_148' title='bbox 112 2999 208 3076; x_wconf 88' lang='lat' dir='ltr'><strong>dere,</strong></span> <span class='ocrx_word' id='word_1_149' title='bbox 232 2997 265 3062; x_wconf 88' lang='lat' dir='ltr'><strong>id</strong></span> <span class='ocrx_word' id='word_1_150' title='bbox 286 3017 350 3060; x_wconf 88' lang='lat' dir='ltr'><strong>noa</strong></span> <span class='ocrx_word' id='word_1_151' title='bbox 374 2995 674 3063; x_wconf 87' lang='lat' dir='ltr'><strong>modo&#39;disserendo</strong></span> <span class='ocrx_word' id='word_1_152' title='bbox 696 3017 875 3082; x_wconf 84' lang='lat' dir='ltr'><strong>exponere,</strong></span> <span class='ocrx_word' id='word_1_153' title='bbox 899 3019 1013 3064; x_wconf 82' lang='lat' dir='ltr'><strong>renum</strong></span> <span class='ocrx_word' id='word_1_154' title='bbox 1032 2999 1145 3064; x_wconf 86' lang='lat' dir='ltr'><strong>stddiis</strong></span> 
     </span>
    </p>
   </div>
   <div class='ocr_carea' id='block_1_5' title="bbox 14 3109 1145 3198">
    <p class='ocr_par' dir='ltr' id='par_1_5' title="bbox 14 3109 1145 3198">
     <span class='ocr_line' id='line_1_23' title="bbox 14 3109 1145 3198; baseline 0.002 -23"><span class='ocrx_word' id='word_1_155' title='bbox 14 3117 15 3120; x_wconf 73' lang='grc'>’</span> <span class='ocrx_word' id='word_1_156' title='bbox 111 3114 179 3198; x_wconf 83' lang='lat' dir='ltr'><strong>ipse</strong></span> <span class='ocrx_word' id='word_1_157' title='bbox 209 3113 273 3176; x_wconf 89' lang='lat' dir='ltr'><strong>suis</strong></span> <span class='ocrx_word' id='word_1_158' title='bbox 301 3111 494 3195; x_wconf 81' lang='lat' dir='ltr'><strong>scriptisque</strong></span> <span class='ocrx_word' id='word_1_159' title='bbox 521 3110 704 3194; x_wconf 81' lang='lat' dir='ltr'><strong>exprimere</strong></span> <span class='ocrx_word' id='word_1_160' title='bbox 720 3109 904 3174; x_wconf 81' lang='lat' dir='ltr'><strong>conabatur.</strong></span> <span class='ocrx_word' id='word_1_161' title='bbox 948 3113 1056 3197; x_wconf 76' lang='lat' dir='ltr'><strong>Atque</strong></span> <span class='ocrx_word' id='word_1_162' title='bbox 1079 3112 1145 3177; x_wconf 88' lang='lat' dir='ltr'><strong>-hcc</strong></span> 
     </span>
    </p>
   </div>
   <div class='ocr_carea' id='block_1_6' title="bbox 111 3221 1146 3656">
    <p class='ocr_par' dir='ltr' id='par_1_6' title="bbox 111 3221 1146 3656">
     <span class='ocr_line' id='line_1_24' title="bbox 112 3221 1143 3315; baseline -0.004 -23"><span class='ocrx_word' id='word_1_163' title='bbox 112 3225 354 3306; x_wconf 83' lang='lat' dir='ltr'><strong>necessitudinis</strong></span> <span class='ocrx_word' id='word_1_164' title='bbox 387 3224 522 3315; x_wconf 80' lang='lat' dir='ltr'><strong>vinculo</strong></span> <span class='ocrx_word' id='word_1_165' title='bbox 549 3223 617 3306; x_wconf 84' lang='lat' dir='ltr'><strong>ejus</strong></span> <span class='ocrx_word' id='word_1_166' title='bbox 650 3243 746 3307; x_wconf 84' lang='lat' dir='ltr'><strong>opera</strong></span> <span class='ocrx_word' id='word_1_167' title='bbox 780 3223 865 3287; x_wconf 87' lang='lat' dir='ltr'><strong>inter</strong></span> <span class='ocrx_word' id='word_1_168' title='bbox 900 3245 934 3286; x_wconf 86' lang='lat' dir='ltr'><strong>se</strong></span> <span class='ocrx_word' id='word_1_169' title='bbox 966 3221 1143 3305; x_wconf 66' lang='lat' dir='ltr'><strong>matiueri,</strong></span> 
     </span>
     <span class='ocr_line' id='line_1_25' title="bbox 112 3335 1145 3424; baseline -0.002 -18"><span class='ocrx_word' id='word_1_170' title='bbox 112 3340 235 3408; x_wconf 80' lang='lat' dir='ltr'><strong>Sedulo</strong></span> <span class='ocrx_word' id='word_1_171' title='bbox 266 3339 463 3424; x_wconf 77' lang='lat' dir='ltr'><strong>Polybiane</strong></span> <span class='ocrx_word' id='word_1_172' title='bbox 501 3337 690 3402; x_wconf 78' lang='lat' dir='ltr'><strong>confirmare</strong></span> <span class='ocrx_word' id='word_1_173' title='bbox 712 3335 885 3423; x_wconf 79' lang='lat' dir='ltr'><strong>videtur.⁴)</strong></span> <span class='ocrx_word' id='word_1_174' title='bbox 935 3337 1061 3402; x_wconf 80' lang='lat' dir='ltr'><strong>Titulus</strong></span> <span class='ocrx_word' id='word_1_175' title='bbox 1097 3350 1145 3404; x_wconf 88' lang='lat' dir='ltr'><strong>est</strong></span> 
     </span>
     <span class='ocr_line' id='line_1_26' title="bbox 111 3432 1146 3540; baseline -0.002 -20"><span class='ocrx_word' id='word_1_176' title='bbox 111 3456 152 3520; x_wconf 71' lang='lat' dir='ltr'><strong>as</strong></span> <span class='ocrx_word' id='word_1_177' title='bbox 180 3453 373 3540; x_wconf 80' lang='lat' dir='ltr'><strong>insignivi,</strong></span> <span class='ocrx_word' id='word_1_178' title='bbox 406 3474 503 3538; x_wconf 72' lang='lat' dir='ltr'><strong>quam</strong></span> <span class='ocrx_word' id='word_1_179' title='bbox 533 3451 691 3516; x_wconf 62' lang='lat' dir='ltr'><strong>nonnus</strong></span> <span class='ocrx_word' id='word_1_180' title='bbox 724 3452 759 3515; x_wconf 75' lang='lat' dir='ltr'><strong>n</strong></span> <span class='ocrx_word' id='word_1_181' title='bbox 788 3451 900 3518; x_wconf 73' lang='lat' dir='ltr'><strong>studes</strong></span> <span class='ocrx_word' id='word_1_182' title='bbox 924 3453 989 3518; x_wconf 73' lang='lat' dir='ltr'><strong>sus</strong></span> <span class='ocrx_word' id='word_1_183' title='bbox 1018 3432 1146 3518; x_wconf 73' lang='lat' dir='ltr'><strong>besoe-</strong></span> 
     </span>
     <span class='ocr_line' id='line_1_27' title="bbox 112 3567 1144 3656; baseline -0.001 -22"><span class='ocrx_word' id='word_1_184' title='bbox 112 3571 157 3634; x_wconf 92' lang='lat' dir='ltr'><strong>cis</strong></span> <span class='ocrx_word' id='word_1_185' title='bbox 186 3569 319 3656; x_wconf 80' lang='lat' dir='ltr'><strong>Polybio</strong></span> <span class='ocrx_word' id='word_1_186' title='bbox 347 3567 525 3646; x_wconf 82' lang='lat' dir='ltr'><strong>tribuebat,</strong></span> <span class='ocrx_word' id='word_1_187' title='bbox 563 3589 619 3632; x_wconf 90' lang='lat' dir='ltr'><strong>nos</strong></span> <span class='ocrx_word' id='word_1_188' title='bbox 649 3578 757 3632; x_wconf 85' lang='lat' dir='ltr'><strong>eutem</strong></span> <span class='ocrx_word' id='word_1_189' title='bbox 784 3590 802 3630; x_wconf 90' lang='lat' dir='ltr'><strong>e</strong></span> <span class='ocrx_word' id='word_1_190' title='bbox 834 3568 1019 3632; x_wconf 83' lang='lat' dir='ltr'><strong>suavissima</strong></span> <span class='ocrx_word' id='word_1_191' title='bbox 1046 3569 1144 3654; x_wconf 90' lang='lat' dir='ltr'><strong>ipsius</strong></span> 
     </span>
    </p>
   </div>
   <div class='ocr_carea' id='block_1_7' title="bbox 111 3851 1145 4350">
    <p class='ocr_par' dir='ltr' id='par_1_7' title="bbox 145 3851 1034 3920">
     <span class='ocr_line' id='line_1_28' title="bbox 145 3851 1034 3920; baseline -0.002 -16"><span class='ocrx_word' id='word_1_192' title='bbox 145 3856 171 3920; x_wconf 86' lang='lat'><strong>1)</strong></span> <span class='ocrx_word' id='word_1_193' title='bbox 190 3859 246 3906; x_wconf 78' lang='lat' dir='ltr'><strong>lam</strong></span> <span class='ocrx_word' id='word_1_194' title='bbox 264 3870 331 3904; x_wconf 88' lang='lat' dir='ltr'><strong>auno</strong></span> <span class='ocrx_word' id='word_1_195' title='bbox 351 3851 426 3902; x_wconf 74' lang='lat'><strong>1829.</strong></span> <span class='ocrx_word' id='word_1_196' title='bbox 447 3853 490 3902; x_wconf 79' lang='lat' dir='ltr'><strong>eff.</strong></span> <span class='ocrx_word' id='word_1_197' title='bbox 510 3857 556 3903; x_wconf 84' lang='lat' dir='ltr'><strong>Br.</strong></span> <span class='ocrx_word' id='word_1_198' title='bbox 577 3855 686 3904; x_wconf 76' lang='lat' dir='ltr'><strong>averli.</strong></span> <span class='ocrx_word' id='word_1_199' title='bbox 708 3854 772 3902; x_wconf 75' lang='lat' dir='ltr'><strong>Ond.</strong></span> <span class='ocrx_word' id='word_1_200' title='bbox 793 3869 817 3918; x_wconf 91' lang='lat' dir='ltr'><strong>p.</strong></span> <span class='ocrx_word' id='word_1_201' title='bbox 837 3853 905 3916; x_wconf 79' lang='lat'><strong>272,</strong></span> <span class='ocrx_word' id='word_1_202' title='bbox 924 3855 965 3904; x_wconf 85' lang='lat' dir='ltr'><strong>ed.</strong></span> <span class='ocrx_word' id='word_1_203' title='bbox 983 3869 1034 3903; x_wconf 80' lang='lat' dir='ltr'><strong>sec.</strong></span> 
     </span>
    </p>

    <p class='ocr_par' dir='ltr' id='par_1_8' title="bbox 111 3939 1145 4178">
     <span class='ocr_line' id='line_1_29' title="bbox 145 3939 1143 4006; baseline -0.003 -15"><span class='ocrx_word' id='word_1_204' title='bbox 145 3941 172 4006; x_wconf 74' lang='lat'><strong>2)</strong></span> <span class='ocrx_word' id='word_1_205' title='bbox 190 3942 247 3991; x_wconf 85' lang='lat' dir='ltr'><strong>vid.</strong></span> <span class='ocrx_word' id='word_1_206' title='bbox 270 3941 420 4004; x_wconf 79' lang='lat' dir='ltr'><strong>Voorbors&#39;gt</strong></span> <span class='ocrx_word' id='word_1_207' title='bbox 440 3939 486 3986; x_wconf 83' lang='lat' dir='ltr'><strong>der</strong></span> <span class='ocrx_word' id='word_1_208' title='bbox 508 3941 537 3990; x_wconf 78' lang='lat'><strong>3⁰</strong></span> <span class='ocrx_word' id='word_1_209' title='bbox 555 3940 663 4004; x_wconf 81' lang='lat' dir='ltr'><strong>uitgooe</strong></span> <span class='ocrx_word' id='word_1_210' title='bbox 690 3957 739 3988; x_wconf 85' lang='lat' dir='ltr'><strong>ran</strong></span> <span class='ocrx_word' id='word_1_211' title='bbox 755 3943 803 3989; x_wconf 86' lang='lat' dir='ltr'><strong>Br.</strong></span> <span class='ocrx_word' id='word_1_212' title='bbox 823 3955 882 3988; x_wconf 81' lang='lat' dir='ltr'><strong>over</strong></span> <span class='ocrx_word' id='word_1_213' title='bbox 897 3941 932 3989; x_wconf 79' lang='grc' dir='ltr'><strong>Η.</strong></span> <span class='ocrx_word' id='word_1_214' title='bbox 947 3941 1012 3989; x_wconf 80' lang='lat' dir='ltr'><strong>Ond.</strong></span> <span class='ocrx_word' id='word_1_215' title='bbox 1030 3958 1054 4005; x_wconf 89' lang='lat' dir='ltr'><strong>p.</strong></span> <span class='ocrx_word' id='word_1_216' title='bbox 1073 3940 1143 3997; x_wconf 65' lang='lat' dir='ltr'><strong>xvh</strong></span> 
     </span>
     <span class='ocr_line' id='line_1_30' title="bbox 111 4022 1145 4091; baseline -0.002 -15"><span class='ocrx_word' id='word_1_217' title='bbox 111 4039 222 4091; x_wconf 81' lang='lat' dir='ltr'><strong>quacum</strong></span> <span class='ocrx_word' id='word_1_218' title='bbox 239 4027 343 4076; x_wconf 85' lang='lat' dir='ltr'><strong>omnino</strong></span> <span class='ocrx_word' id='word_1_219' title='bbox 360 4026 393 4075; x_wconf 88' lang='lat' dir='ltr'><strong>cl.</strong></span> <span class='ocrx_word' id='word_1_220' title='bbox 405 4026 503 4074; x_wconf 84' lang='lat' dir='ltr'><strong>Soorot.</strong></span> <span class='ocrx_word' id='word_1_221' title='bbox 515 4022 608 4072; x_wconf 76' lang='lat' dir='ltr'><strong>Sobool</strong></span> <span class='ocrx_word' id='word_1_222' title='bbox 619 4026 669 4088; x_wconf 89' lang='lat' dir='ltr'><strong>1v,</strong></span> <span class='ocrx_word' id='word_1_223' title='bbox 685 4024 752 4089; x_wconf 75' lang='lat'><strong>168,</strong></span> <span class='ocrx_word' id='word_1_224' title='bbox 770 4025 814 4074; x_wconf 90' lang='lat' dir='ltr'><strong>ubi</strong></span> <span class='ocrx_word' id='word_1_225' title='bbox 829 4026 939 4090; x_wconf 86' lang='lat' dir='ltr'><strong>primam</strong></span> <span class='ocrx_word' id='word_1_226' title='bbox 958 4026 1047 4074; x_wconf 80' lang='lat' dir='ltr'><strong>titulus</strong></span> <span class='ocrx_word' id='word_1_227' title='bbox 1062 4027 1145 4091; x_wconf 83' lang='lat' dir='ltr'><strong>operis</strong></span> 
     </span>
     <span class='ocr_line' id='line_1_31' title="bbox 111 4110 1029 4178; baseline -0.002 -17"><span class='ocrx_word' id='word_1_228' title='bbox 111 4113 232 4162; x_wconf 86' lang='lat' dir='ltr'><strong>occurrit.</strong></span> <span class='ocrx_word' id='word_1_229' title='bbox 252 4113 298 4162; x_wconf 75' lang='lat' dir='ltr'><strong>ce.</strong></span> <span class='ocrx_word' id='word_1_230' title='bbox 315 4112 391 4160; x_wconf 86' lang='lat' dir='ltr'><strong>etiem</strong></span> <span class='ocrx_word' id='word_1_231' title='bbox 409 4113 455 4160; x_wconf 84' lang='lat' dir='ltr'><strong>Br.</strong></span> <span class='ocrx_word' id='word_1_232' title='bbox 476 4111 539 4158; x_wconf 82' lang='lat' dir='ltr'><strong>oosr&#39;</strong></span> <span class='ocrx_word' id='word_1_233' title='bbox 555 4111 599 4158; x_wconf 71' lang='lat' dir='ltr'><strong>leet</strong></span> <span class='ocrx_word' id='word_1_234' title='bbox 617 4110 748 4173; x_wconf 75' lang='lat' dir='ltr'><strong>lecefenen</strong></span> <span class='ocrx_word' id='word_1_235' title='bbox 768 4111 814 4160; x_wconf 84' lang='lat' dir='ltr'><strong>der</strong></span> <span class='ocrx_word' id='word_1_236' title='bbox 829 4114 914 4178; x_wconf 62' lang='lat' dir='ltr'><strong>sopeg.</strong></span> <span class='ocrx_word' id='word_1_237' title='bbox 933 4129 958 4174; x_wconf 88' lang='lat' dir='ltr'><strong>p.</strong></span> <span class='ocrx_word' id='word_1_238' title='bbox 977 4110 1029 4160; x_wconf 62' lang='lat'><strong>81..</strong></span> 
     </span>
    </p>

    <p class='ocr_par' dir='ltr' id='par_1_9' title="bbox 146 4193 444 4263">
     <span class='ocr_line' id='line_1_32' title="bbox 146 4193 444 4263; baseline -0.02 -16"><span class='ocrx_word' id='word_1_239' title='bbox 146 4195 173 4263; x_wconf 74' lang='lat'><strong>3)</strong></span> <span class='ocrx_word' id='word_1_240' title='bbox 193 4199 223 4246; x_wconf 86' lang='lat' dir='ltr'><strong>Cl</strong></span> <span class='ocrx_word' id='word_1_241' title='bbox 248 4212 323 4262; x_wconf 85' lang='lat' dir='ltr'><strong>supra</strong></span> <span class='ocrx_word' id='word_1_242' title='bbox 342 4213 366 4261; x_wconf 90' lang='lat' dir='ltr'><strong>p.</strong></span> <span class='ocrx_word' id='word_1_243' title='bbox 386 4193 444 4243; x_wconf 72' lang='lat'><strong>165.</strong></span> 
     </span>
    </p>

    <p class='ocr_par' dir='ltr' id='par_1_10' title="bbox 146 4283 336 4350">
     <span class='ocr_line' id='line_1_33' title="bbox 146 4283 336 4350; baseline -0.005 -18"><span class='ocrx_word' id='word_1_244' title='bbox 146 4283 173 4350; x_wconf 74' lang='lat'><strong>4)</strong></span> <span class='ocrx_word' id='word_1_245' title='bbox 190 4285 216 4332; x_wconf 78' lang='grc' dir='ltr'><strong>Ρ.</strong></span> <span class='ocrx_word' id='word_1_246' title='bbox 237 4283 261 4332; x_wconf 88' lang='lat'><strong>5.</strong></span> <span class='ocrx_word' id='word_1_247' title='bbox 281 4299 336 4346; x_wconf 86' lang='lat' dir='ltr'><strong>sqq.</strong></span> 
     </span>
    </p>
   </div>
   <div class='ocr_carea' id='block_1_8' title="bbox 0 0 1442 5075">
    <p class='ocr_par' dir='ltr' id='par_1_11' title="bbox 0 0 1442 5075">
     <span class='ocr_line' id='line_1_34' title="bbox 0 0 1442 5075; baseline 0 0"><span class='ocrx_word' id='word_1_248' title='bbox 0 0 1442 5075; x_wconf 95' lang='lat' dir='ltr'><strong> </strong></span> 
     </span>
    </p>
   </div>
  </div>
 </body>
</html>
