2875 5075
15 774 16 795 t
116 730 221 796 itaad
247 752 372 798 omnem
401 752 498 817 porro
528 730 984 818 applicatur..disquisitionem
1011 754 1146 819 eamque

70 892 74 901 .
116 845 252 909 mirifice
272 857 435 932 tamquam
453 845 617 911 fecundat.
661 847 705 911 Ex
727 845 863 913 hominis
887 847 992 916 animo
1008 859 1096 912 artes
1113 860 1147 911 et

117 959 306 1045 disciplinae
328 960 505 1025 ducuntur.
522 940 586 1025 'Eo
617 972 748 1045 partae,
780 960 876 1023 insito
902 961 1027 1045 pulcri,
1059 961 1145 1041 reri,

116 1074 194 1137 boui
218 1094 326 1139 amore
362 1074 395 1138 in
424 1073 538 1143 lucem,
559 1072 663 1139 editae
681 1084 929 1159 proponuntur.
978 1074 1147 1161 Quidquid

117 1187 269 1273 deinceps
287 1188 326 1255 de
343 1208 457 1255 earum,
469 1188 611 1275 origine,
623 1189 816 1274 principiis,
835 1198 950 1254 natura
962 1199 995 1251 et
1005 1188 1145 1269 ratione,

118 1324 193 1383 usu,
211 1303 380 1389 proposito¹
392 1301 558 1370 disseritur
578 1338 614 1351 -·-
634 1302 715 1369 haec
739 1303 824 1370 emm
836 1314 881 1366 et
904 1303 1090 1389 singulatim
1111 1303 1145 1367 in

117 1418 276 1503 peculiari
286 1417 330 1485 de
345 1416 723 1504 artibusdisciplinisque
740 1417 814 1484 loco
833 1429 868 1481 et
885 1417 1086 1502 potissimum
1096 1417 1146 1483 in·

118 1532 317 1618 vestigantur
342 1544 381 1579 “-
404 1531 437 1597 id
464 1532 564 1619 igitur
593 1532 672 1615 adeo
694 1551 772 1597 cum
786 1533 847 1597 illo
868 1532 955 1597 fonte
976 1532 1145 1611 cohaeret,

118 1658 174 1726 ut,
200 1646 462 1731 quumcmnium
487 1647 520 1709 in
542 1666 665 1714 summa
685 1648 780 1712 etiam
799 1648 951 1712 varietate
967 1648 1146 1717 uecessitu-

15 1830 18 1837 ,
117 1760 225 1828 dinem
247 1761 382 1846 aperiat,
405 1762 638 1847 pulcerrimum
660 1761 756 1826 simul
782 1760 967 1828 earumdem
989 1763 1050 1828 rite
1071 1763 1146 1834 ,cut

116 1887 222 1941 tarum
243 1886 275 1938 et
294 1886 473 1961 opportune
488 1874 706 1955 adhibitorum
727 1897 920 1941 eonsensum
939 1874 1082 1941 declaret
1105 1877 1146 1943 ad

117 1990 512 2058 communemhominnm
541 1991 677 2061 salutem
699 1983 946 2078 provehendam.
983 1992 1049 2056 llis
1064 2013 1146 2055 con-

116 2117 273 2192 gruenter
282 2104 474 2187 rejiciuntur
490 2104 623 2172 humilia
636 2106 767 2191 quaevis
785 2104 968 2187 etabjecta,
978 2116 1028 2183 ct,
1039 2120 1147 2193 quau-.-

118 2217 293 2305 doquidem
311 2219 474 2304 principio
498 2219 696 2303 propositum
715 2221 887 2285 convenire
915 2230 1060 2304 oportet,
1083 2219 1146 2287 hoc

116 2332 227 2419 prodit
247 2351 419 2418 sanequam
439 2333 593 2411 sublime,
614 2332 719 2417 ipsum
741 2333 911 2418 pulcrum,
933 2354 1064 2414 verum,
1084 2334 1148 2404 bc-

15 2474 16 2489 2
115 2469 214 2525 num,
233 2446 408 2512 arctissime
429 2467 539 2509 revera
557 2456 669 2510 mutuo
685 2446 855 2535 junctum,
874 2468 940 2531 quo
957 2449 1147 2514 utmaxi'me

116 2561 417 2629 enitanturillarnm
430 2560 561 2624 studiosi
570 2561 887 2645 constantissimeque
898 2582 932 2625 se
944 2562 1029 2624 omni
1039 2574 1147 2627 mente

65 2756 69 2759 ι
116 2687 149 2739 et
170 2674 365 2760 cogitatione
391 2685 596 2754 convertant,
619 2676 665 2740 ita
693 2675 830 2738 maxime
849 2697 939 2741 suam
967 2675 1054 2760 ipsae
1084 2676 1148 2740 rim

117 2799 264 2857 exserant
286 2788 545 2854 saluberrimam
572 2789 610 2852 In
624 2788 679 2858 ¹his
700 2788 858 2854 omnibus¹
869 2790 1070 2875 potissimum
1090 2791 1147 2859 ael-5

16 2927 19 2932 ¹
116 2903 213 2968 vertit
233 2923 327 2981 vera,
345 2903 566 2990 quae‘pariter
585 2923 621 2966 ex
642 2902 755 2969 eodem
773 2904 862 2969 [onte
883 2915 1009 2983 manat,
1028 2904 1148 2972 educa

116 3017 212 3084 tionis
232 3028 266 3081 ct
285 3017 493 3082 institutionis
516 3018 614 3082 ratioa
640 3016 932 3102 quemadmodum,
956 3040 1059 3104 quum
1074 3041 1148 3089 sen·

117 3154 170 3198 sus
193 3117 329 3198 hominis
349 3131 494 3196 internus
514 3131 654 3217 primum
680 3131 789 3214 pulcri
812 3153 920 3202 amore
946 3133 1147 3215 explicetur,

116 3257 201 3312 artes
221 3245 259 3320 ad
281 3245 368 3337 hunc
387 3266 528 3312 amorem
547 3243 697 3308 alendum
716 3255 748 3308 et
765 3243 948 3329 reguudum
966 3244 1072 3308 valere
1091 3245 1147 3308 de·

116 3360 233 3426 heaut:
265 3371 386 3445 quanta
407 3361 441 3422 in
466 3359 541 3443 ipsis
562 3359 763 3444 praeparatio
786 3359 829 3423 sit
853 3357 893 3425 ad
917 3380 1029 3424 earum
1049 3357 1149 3426 disci-
1200 3337 1207 3350 ’

117 3475 280 3560 plicarum
298 3473 459 3552 studium,
486 3473 624 3560 quibus,
649 3472 871 3544 vehementem
886 3473 1006 3561 quippe
1030 3473 1148 3556 verita·

118 3589 158 3654 tis
192 3586 378 3672 cupidinem
411 3587 656 3668 suscitantibus,
691 3609 788 3674 porro
812 3599 957 3674 oporteat
983 3589 1148 3661 internum

117 3702 211 3768 illum
240 3723 386 3782 sensum,
426 3723 502 3764 suae
536 3713 669 3768 naturae
705 3704 948 3782 convenienter,
984 3704 1146 3771 roborari:

119 3837 216 3902 quam
239 3815 379 3902 denique
402 3815 447 3879 sic
470 3815 631 3880 informati
658 3828 690 3880 et
716 3817 829 3881 nutriti
856 3819 1086 3896 maturuerint,
1111 3829 1149 3882 ut

119 3929 248 3995 tandem
272 3951 309 3994 ex
328 3929 412 4014 justo
434 3930 593 4015 principio
617 3930 747 4014 etjusta
768 3932 891 3996 ratione
911 3943 943 3994 et
963 3931 1004 3996 ad
1025 3930 1147 4014 justum

118 4045 320 4132 propositum
338 4049 477 4129 ‘operam
504 4031 580 4109 dare
614 4046 650 4108 iis
680 4045 833 4110 doctrinis
863 4045 1003 4125 discant,
1029 4044 1146 4132 quibus

120 4159 194 4222 dein
215 4160 248 4222 in
268 4157 394 4222 civitate
413 4159 472 4222 rite
489 4157 630 4224 colendis
650 4170 681 4223 ct
697 4157 886 4224 adhibendis
902 4161 1016 4224 eximie
1032 4159 1148 4225 huma-

120 4274 226 4338 nitatis
256 4295 369 4338 causae
396 4272 544 4358 prodesse
577 4275 709 4361 possint.
751 4270 823 4358 ,llas
851 4276 934 4360 emm
963 4268 1145 4359 doctrinas,

887 4382 945 4451 tt*
