2875 5075
774 504 815 566 tt

283 688 364 743 rent.
381 674 407 763 ¹)
422 716 462 727 -
495 677 584 741 llano
603 675 836 759 interpretandi
858 676 957 754 viam,
987 694 1086 760 quam
1114 694 1188 739 eum
1215 675 1309 739 insti·

282 801 428 856 tuturum
447 810 515 853 esse
535 789 584 853 rel
602 810 620 853 e
637 786 845 873 Specims‘rss's
866 788 995 863 Oritios'
1012 788 1208 874 praefatione
1226 810 1310 854 con-

276 888 379 987 jicere
393 903 543 990 aequales
566 914 765 989 potuerunt,
789 902 845 969 sed
872 902 956 968 banc
986 924 1098 987 reapse
1119 904 1309 983 instituens,

282 1020 400 1085 certior
432 1016 563 1104 quidem
594 1016 756 1084 sodalibus
781 1016 846 1083 dux
874 1017 991 1095 erasit,
1026 1037 1092 1102 quo
1116 1017 1216 1099 magis
1241 1018 1312 1103 ipse

281 1134 551 1217 circumspectans
579 1143 611 1196 et
629 1131 671 1196 ab
690 1131 760 1197 aliis
778 1130 904 1197 discam
929 1128 1218 1217 progrediebatur,
1252 1152 1311 1195 ve·

281 1268 353 1312 rum
371 1246 411 1309 de
429 1247 498 1332 ipsa
515 1246 564 1309 ria
585 1244 919 1319 minimedeclinavit.
953 1244 1189 1311 Grammaticos
1208 1244 1311 1310 inter·

280 1360 452 1445 pretationi
480 1361 515 1423 in
542 1358 688 1425 docendo
719 1380 781 1424 nec
809 1379 1058 1445 parumneque
1079 1379 1155 1423 vero
1179 1360 1310 1438 omnia,

160 1482 163 1491 '
280 1472 335 1537 sed
356 1484 480 1538 tantum
498 1494 600 1559 prope
619 1471 806 1553 tribuebat,
838 1484 996 1559 quantum
1024 1484 1238 1559 exspectasses
1268 1472 1311 1539 ab

281 1609 338 1666 eo,
372 1589 430 1674 qui
454 1587 582 1670 juvenis
610 1587 799 1673 scripserat:
837 1588 890 1651 asi
919 1588 1158 1675 grammaticam
1178 1587 1311 1673 legendi

280 1701 434 1767 rationem
462 1700 625 1786 captandis
656 1701 869 1787 notandisque
893 1713 925 1765 et
954 1700 1058 1767 serbis
1086 1712 1119 1765 et
1137 1701 1310 1786 phrasibus

279 1813 489 1893 definiamus,
513 1825 550 1879 ut
566 1836 636 1879 eam
656 1826 860 1894 exercentes,
885 1814 981 1881 rebus
1001 1816 1143 1894 omissis,
1177 1815 1309 1881 voculas

280 1949 451 2007 venemur,
473 1927 651 1993 liberaliter
671 1930 997 2017 agamus‚sitautam
1008 1928 1310 2014 tamqueabjectam

279 2042 493 2108 bumilitatem
516 2065 639 2108 summo
660 2064 736 2109 cum
769 2052 935 2109 contemtu
957 2042 1184 2127 despiciamus.
1207 2042 1313 2131 Atqui

279 2167 403 2222 tantum
425 2156 533 2238 abest,
558 2168 594 2223 ut
619 2158 762 2245 aliquam
789 2179 866 2222 cum
889 2156 1075 2223 bumilitate
1104 2156 1310 2240 conjunctio·

279 2292 352 2335 nem
384 2270 501 2336 babeat
540 2270 622 2337 haec
658 2270 788 2359 legendi
819 2272 919 2351 ratio,
961 2282 997 2336 ut
1022 2292 1094 2337 eam
1120 2282 1307 2357 spernentes

272 2381 399 2469 justum
423 2406 539 2472 capere
566 2386 712 2451 lectionis
730 2387 874 2452 fructum
894 2406 1131 2473 nequeamus.»
1151 2383 1180 2471 ²)
1204 2422 1241 2435 ·-
1269 2397 1305 2449 et

255 2498 395 2568 ‚florens
430 2510 533 2565 aetate
558 2501 592 2564 in
617 2499 750 2566 introitu
777 2499 963 2566 scholarum
980 2500 1022 2566 de
1043 2501 1145 2567 Aots's
1162 2497 1311 2586 Aposto-

280 2614 394 2680 lorum
433 2614 575 2680 dixerat:
625 2637 710 2681 ‹snos
756 2616 860 2702 primo
897 2616 1049 2703 linguam!
1082 2615 1307 2697 attendemus,
1348 2594 1352 2602 ¹

278 2727 395 2792 deinde
411 2729 655 2814 antiquitatem,
679 2726 801 2809 idest,
826 2752 877 2794 res
896 2751 1024 2811 omncs,
1059 2751 1143 2816 quae
1164 2728 1215 2822 ad
1227 2752 1308 2815 pro-

277 2843 319 2906 be
334 2841 580 2929 intelligendum
602 2853 787 2908 contextum
806 2843 1002 2910 referuntur.
1046 2844 1142 2910 Omni
1173 2843 1309 2931 quidem

277 2967 422 3041 tempore
440 2957 593 3036 fuerunt,
629 2958 686 3043 qni
712 2957 835 3022 nullam
852 2957 1006 3024 babentes
1027 2958 1158 3045 linguae
1177 2979 1307 3039 curam,

277 3090 375 3134 unam
394 3080 426 3133 et
441 3070 713 3155 amplecterentur
731 3082 764 3137 et
781 3082 956 3137 tractarent
973 3073 1189 3158 dogmaticam
1205 3073 1311 3139 ratio„

277 3207 370 3264 nem,
412 3184 468 3250 sed
491 3183 572 3250 haec
597 3186 657 3250 nisi
686 3185 895 3272 grammatico
922 3185 1156 3271 interpretandi
1186 3209 1307 3273 genere

276 3310 439 3386 umquam
461 3299 670 3366 fundamenta
703 3321 762 3364 suo
793 3299 937 3380 nitatur,
969 3322 1049 3364 rana
1075 3313 1123 3367 est
1145 3311 1177 3365 et
1199 3301 1307 3370 irrita.

275 3413 415 3479 dedici
443 3415 493 3479 rix
522 3424 645 3498 potest,
676 3424 757 3499 quot
785 3435 948 3500 quamque
969 3413 1235 3494 lalsaslocorum
1254 3416 1306 3481 ic·

276 3528 519 3614 terpretationes
544 3525 599 3592 bic
622 3526 790 3592 bantinum
822 3550 911 3608 error
938 3530 1140 3614 pepererit.»
1163 3528 1240 3615 3)-
1270 3540 1304 3593 et

309 3819 335 3886 1)
354 3821 483 3871 Goudoev.
502 3821 520 3872 l.
537 3821 556 3871 l.
570 3839 596 3889 p.
610 3822 652 3874 1⁷.

308 3906 335 3972 2)
353 3910 383 3957 ln
403 3908 482 3973 prael.
495 3909 566 3972 Sper.
582 3910 646 3959 cris.
662 3925 686 3975 p.
703 3910 734 3959 tt.

307 3990 333 4056 3)
351 3995 418 4042 llaeo
434 3997 552 4060 arcarpei
565 3995 774 4067 eprolegomerris
783 3995 849 4058 illis,
863 3996 921 4045 loco
933 3995 1030 4062 qnippe
1045 3995 1161 4058 longiore
1171 4009 1248 4059 quam
1257 3996 1304 4059 qni
1375 3984 1380 3997 ⁸

274 4084 343 4128 totus
350 4081 496 4129 referretur.
508 4081 632 4130 lleusdius
641 4086 727 4130 autem
737 4097 783 4146 pro
796 4077 994 4146 illiustamporis
1006 4083 1033 4131 in
1045 4083 1127 4146 patria
1141 4087 1227 4131 nostra
1234 4096 1305 4130 more

274 4165 360 4214 literas
377 4167 485 4222 Graecas
502 4167 537 4216 ita
552 4167 672 4230 tradidit,
692 4172 788 4216 utnon
804 4167 889 4216 minus
904 4167 961 4216 loca
981 4169 1009 4217 ll.
1021 4168 1047 4217 T.
1063 4183 1139 4232 quam
1153 4159 1304 4232 scriptoram

274 4251 407 4302 classicum
426 4253 646 4317 interpretaretur.
665 4253 740 4302 lluno
751 4258 836 4302 antem
850 4267 963 4316 rnorem,
982 4253 1064 4303 lucae
1079 4253 1185 4302 maxime
1201 4253 1304 4317 scriptis
