2875 5075
776 538 839 603 178
855 548 859 554 '

288 711 353 775 sint
367 710 557 776 dialectieae
575 710 717 775 methodi
736 711 927 797 primariae,
951 708 1000 775 hie
1021 709 1124 795 igitur
1148 708 1191 775 de
1222 711 1318 777 κὼω

288 824 407 911 plaoita
428 824 598 911 exquirens
627 822 821 910 tradensque
843 824 1005 901 Platonis,
1033 822 1201 891 attendere
1231 846 1318 891 nune

288 938 417 1005 demum
444 940 509 1003 rim
536 936 652 1003 'vocum
677 938 806 1004 illarum
834 939 938 1024 coepi.
980 938 1035 1003 ste
1057 958 1119 1003 usu
1148 938 1220 1023 ipse
1249 961 1318 1005 meo

286 1053 401 1133 didici,
438 1052 519 1140 quid
558 1064 639 1120 esset
676 1050 805 1119 tandem
837 1052 1039 1118 Platonicum
1067 1052 1170 1133 illud,
1203 1073 1270 1118 nen
1300 1077 1331 1119 a·

286 1170 391 1237 verbis
418 1168 457 1233 ad
483 1188 551 1247 ree,
581 1168 647 1231 sive
673 1166 714 1231 ah
745 1168 941 1254 imaginihus
969 1166 1010 1235 ad
1036 1168 1224 1247 reanum,
1260 1169 1317 1233 sed

286 1296 395 1351 eontra
411 1302 550 1347 ererum
567 1282 781 1368 intelligentia
796 1282 837 1348 ad
853 1282 1027 1347 verborum
1042 1282 1317 1363 observationem,

284 1420 303 1465 a
322 1399 455 1462 veritate
474 1409 644 1483 perspecta
666 1396 706 1461 ad
725 1387 795 1482 ejus
821 1397 978 1483 imagines
997 1395 1208 1463 attendendas
1229 1397 1318 1479 judi·

286 1514 469 1599 modusque
492 1504 736 1598 procedendum
762 1534 850 1577 esee:
873 1513 1011 1577 lectores
1032 1523 1158 1591 autem,
1182 1514 1316 1598 opinor,

286 1650 369 1717 qnae
391 1647 465 1692 sera
491 1618 532 1691 eit
555 1626 700 1692 habenda
719 1628 905 1714 linguarum
922 1626 1140 1713 philosophia,
1166 1639 1200 1691 et
1219 1628 1317 1713 quale

284 1746 341 1824 sit,
360 1743 446 1830 qnod
465 1742 562 1829 rulgo
580 1740 689 1809 dicere
707 1741 946 1822 consuevimus,
966 1740 1240 1827 autopdqeioum
1251 1742 1318 1807 lisa·

282 1878 436 1947 getarum
462 1855 635 1935 studium,
659 1856 736 1921 hine
762 1857 882 1942 optime
904 1854 1111 1945 judicabunt.
1155 1856 1249 1921 Plato
1278 1878 1317 1923 ea

283 1974 333 2039 his
362 1970 474 2036 studiis
496 1992 561 2036 non
588 1971 725 2038 multum
741 1970 889 2056 proiecit.
914 2010 947 2023 -
971 1970 1202 2038 Verumtamen
1224 1971 1317 2037 nohis

287 2103 442 2178 quantum
461 2086 618 2173 prolicere
642 2085 682 2149 ad
700 2084 883 2149 studia'illa
905 2086 1027 2149 naviter
1047 2095 1189 2172 apteque
1208 2106 1316 2171 perse·

284 2204 432 2293 quenda,
456 2224 531 2266 oum
555 2222 591 2265 ex
610 2201 665 2268 illa
688 2198 871 2286 philosophi
894 2199 1060 2278 doctrina,
1086 2211 1156 2265 tam
1183 2222 1221 2265 ex
1249 2212 1316 2266 tota

282 2318 428 2399 eiusdem
456 2315 659 2402 philosophia
690 2315 806 2394 lioeat,
829 2314 894 2379 diei
920 2314 971 2379 rix
999 2324 1114 2399 potest.
1147 2316 1228 2383 Nam
1250 2337 1316 2381 non

285 2436 351 2512 est,
376 2447 442 2520 quo
462 2430 547 2495 haee
563 2430 662 2516 magis
687 2430 950 2515 mamutiusque
973 2439 1114 2514 spectet,
1138 2440 1316 2516 guam,’ut

284 2549 404 2614 elieere
423 2548 551 2632 eripso
569 2547 678 2610 animo
689 2543 830 2609 hominis
848 2546 954 2610 omnia
974 2543 1170 2611 studeamus.
1194 2545 1316 2612 ,Refer-

286 2675 339 2728 tu'r
358 2663 439 2726 illue
461 2673 527 2726 tota
547 2658 728 2745 philosophi
752 2658 941 2738 dialectiea,
966 2641 1180 2745 qnippe'oum
1200 2679 1317 2740 puceu

283 2775 355 2862 τικῇ
384 2788 416 2840 et
446 2773 598 2860 e’reoyopp
623 2775 777 2853 Socratis,
806 2795 904 2860 quam
932 2775 1098 2858 usurparit
1122 2773 1313 2854 scribendo,

285 2889 474 2970 conjuncta:
498 2889 609 2952 statuit
629 2887 729 2968 adeo,
753 2890 872 2974 primas
897 2890 1042 2955 notiones
1061 2902 1186 2954 nostras
1209 2911 1315 2976 quan·

283 3003 382 3068 utatis
399 3015 432 3068 et
454 3001 634 3089 qualitatis,
659 3002 747 3067 ideas
769 3004 954 3088 praesertim
978 3004 1110 3089 proprie
1128 3003 1312 3080 medietas,

279 3118 346 3202 jam
377 3129 444 3182 tum
467 3129 632 3204 perceptae
661 3118 766 3182 animo
795 3127 902 3182 nostro
931 3117 1047 3197 luisse,
1082 3105 1256 3206 antiquam
1278 3118 1314 3183 ia

282 3233 346 3298 hoo
382 3254 497 3318 eorpus
530 3231 674 3296 sensibus
702 3233 894 3298 instructum
930 3233 1133 3319 migraverat
1157 3265 1215 3288 -1
1229 3235 1314 3299 Huic

281 3359 390 3413 autem
410 3345 654 3433 philosophandi
673 3347 787 3411 rationi
805 3346 886 3434 quid
905 3348 1006 3433 magis
1026 3369 1228 3434 consequens
1250 3359 1313 3429 est,

285 3481 401 3548 quam
429 3470 466 3525 ut
487 3461 594 3524 mirari
623 3460 655 3525 id
685 3459 886 3542 desinamus,
920 3461 1010 3548 quod
1038 3463 1175 3528 vidimus
1197 3462 1309 3542 modo,

283 3586 407 3639 exstare
439 3575 473 3638 in
503 3575 621 3661 linguis
652 3591 766 3653 sooes,
797 3573 915 3662 qualem
935 3579 1074 3642 nativam
1097 3599 1188 3643 snam
1215 3575 1312 3643 homo
1426 3604 1428 3659 ρ

284 3688 446 3776 cogitandi
463 3688 697 3776 judicandique
715 3691 881 3759 vrestionem
919 3693 1133 3777 expresserit?
1183 3694 1265 3758 Nam
1283 3694 1327 3758 ai‘
1425 3686 1427 3713 l

281 3807 390 3870 insunt
423 3805 504 3894 haee
539 3804 704 3870 hominum
744 3807 854 3892 generi
886 3807 1016 3886 aaturl,
1056 3807 1171 3895 quidni
1207 3828 1312 3873 enun-
1424 3800 1425 3849 1

281 3922 362 3985 tiare
398 3941 435 3985 ea
473 3931 583 4007 gentes
615 3919 780 4007 loquendo
820 3932 934 4005 sponte
970 3940 1027 3986 sua
1058 3924 1122 3989 aiut
1152 3924 1311 3991 donatae?

281 4035 403 4116 Quodsi
431 4035 622 4100 documenta
655 4036 851 4120 expetimus,
880 4035 1002 4121 quihus
1027 4036 1078 4116 id,
1115 4036 1205 4125 quod
1234 4058 1311 4124 pro·

281 4147 388 4212 habile
423 4149 567 4228 ridetur,
609 4161 715 4234 pateat
757 4149 863 4229 nohis,
902 4169 996 4215 voees
1032 4151 1107 4217 illae
1141 4153 1308 4240 singulae,

282 4281 361 4347 quas
400 4263 433 4325 in
471 4263 519 4327 his
561 4263 836 4348 disquisitionibus
872 4265 1060 4345 attulimus,
1093 4267 1311 4336 attendendae
