2875 5075
754 492 795 553 40

262 672 320 735 boc
340 692 374 733 eo
388 665 619 753 proficiscenti
640 677 672 728 et
691 684 818 727 munus
839 660 934 727 iilud
947 662 1154 747 suscipienti
1169 658 1290 745 quoia-

261 804 401 871 cumque
421 781 664 847 immolatitiae
683 787 1034 843 momenmentum
1051 774 1205 839 lubenter
1222 794 1289 835 me·

262 901 397 984 riteque
413 894 585 959 dedeiwnt.
631 893 700 957 Die
715 888 829 959 XXV.
851 886 939 956 Nou.
964 887 1246 955 MDCCCIII.-

306 1013 393 1076 Haec
414 1011 515 1096 prima
533 1009 594 1073 luit
613 1006 813 1073 Heuadianae
828 1006 912 1069 vitae
926 1026 1010 1090 pare.
1057 1004 1154 1068 Plura
1176 1012 1292 1085 peten-

260 1137 305 1190 tes
325 1147 365 1189 ne
383 1146 479 1210 aegre
499 1125 620 1201 lerant,
645 1122 789 1186 sibinen
814 1120 966 1185 continuo
992 1117 1155 1195 satisfieri,
1179 1136 1290 1179 rerum

261 1240 379 1319 initiis,
398 1238 542 1324 aquibus
553 1235 714 1301 Heusdius
727 1234 890 1320 profectus
910 1233 971 1297 luit
982 1257 992 1311 ,
1003 1226 1219 1307 adumbratis,
1240 1249 1292 1291 me

260 1352 412 1440 progredi
431 1354 553 1430 sinaut,
577 1364 646 1436 quo*
664 1360 696 1413 et
715 1348 866 1433 temporie
885 1346 965 1411 ordo
981 1358 1013 1411 et
1027 1345 1152 1411 animus
1167 1353 1269 1408 vocat.

307 1694 538 1761 Gravissimum
566 1694 711 1779 prolecto
741 1691 919 1777 unicuique
956 1700 1004 1755 eat
1031 1690 1114 1753 ritae
1142 1700 1291 1774 tempus,

261 1830 349 1895 quo,
373 1782 514 1895 peractis¹
527 1806 640 1872 studiis
655 1805 877 1881 Academicis,
902 1824 996 1869 suum
1021 1804 1056 1867 in
1086 1804 1215 1869 civitate
1243 1801 1292 1865 lo·

261 1944 337 1988 cum
364 1922 486 1988 obtinet
516 1900 547 1985 et
578 1922 667 2015 velut
690 1922 725 1985 in
754 1919 872 1984 mediae
891 1940 942 1983 ree
961 1917 1145 2001 conjicitur.
1191 1918 1293 1981 Multa

234 2052 235 2055 ’
259 2036 404 2123 quotidie
423 2037 588 2129 incidunt,
612 2056 753 2122 quorum
775 2032 896 2099 nullam
913 2044 1158 2118 praeceptorum
1187 2030 1289 2095 dioci-

262 2152 352 2236 plina
372 2153 520 2217 notitiam
536 2151 732 2237 impertivit,
754 2151 789 2213 in
805 2149 923 2235 quibui
942 2168 981 2211 ex
1002 2158 1041 2213 te·
1054 2147 1141 2232 ipae,
1170 2166 1211 2209 ex
1239 2145 1293 2208 in-

262 2265 357 2351 genio
388 2286 450 2329 usu
476 2275 573 2351 atque
593 2265 820 2329 exercitatione
838 2261 981 2327 nondum
990 2261 1140 2339 subacto,
1153 2258 1290 2345 pendeo,

262 2389 293 2441 et
315 2378 364 2441 vel
393 2377 595 2443 doctissimus
622 2378 800 2463 plurimum
830 2376 901 2440 lalli
927 2385 1044 2460 potest.
1090 2374 1154 2456 Qui
1182 2383 1292 2439 autem

261 2513 299 2557 eo
318 2486 386 2578 ipso
407 2502 549 2578 tempure
564 2490 604 2557 ad
618 2491 841 2577 juventutem,
853 2490 1042 2576 praesertim
1052 2488 1295 2567 Academicam,

259 2605 436 2672 docendam
455 2618 608 2685 vocatur,
632 2606 778 2672 archela
796 2605 1015 2670 Prolemorum
1034 2605 1075 2670 ad
1104 2603 1292 2671 cathedram

263 2719 467 2798 traducitur,
491 2719 568 2784 huic
584 2719 712 2782 demum
733 2720 887 2782 maximae
901 2730 935 2782 et
951 2740 1054 2804 paene
1073 2718 1293 2792 innumerabi-

261 2833 306 2897 les
331 2834 498 2898 imminent
531 2832 759 2912 difficultates,
793 2853 894 2918 quae,
924 2834 951 2896 si
979 2852 1041 2898 non
1073 2834 1118 2897 ita
1142 2844 1291 2920 premant

261 2946 353 3033 quin,
365 2969 525 3012 summum
542 2949 575 3010 in
584 2947 819 3033 discipulorum
833 2947 1069 3032 compendium,
1085 2959 1290 3034 superentur,

259 3061 401 3126 secunda
418 3062 583 3148 loquimur
605 3084 713 3127 rernm
734 3074 895 3126 momenta
914 3074 977 3126 aut·
998 3063 1142 3149 egregiae
1168 3063 1291 3149 ingenii

259 3176 422 3262 animique
431 3177 565 3242 virtutes
584 3178 795 3262 auspicamur.
841 3177 879 3264 Et
902 3175 944 3239 do
963 3175 1126 3256 Housdio,
1157 3177 1290 3262 publico

259 3291 397 3354 Doctore
409 3339 418 3370 ,
431 3290 510 3376 quid
530 3290 773 3356 existimandum
793 3290 843 3369 sit,
854 3290 1019 3376 gaudebo,
1032 3292 1059 3356 ei
1071 3312 1135 3358 non
1152 3291 1290 3356 dubium

259 3404 427 3491 reliquisse
457 3426 599 3471 censear.

306 3517 490 3599 Trajectum
528 3518 585 3581 ille
621 3519 728 3597 venit,
768 3521 941 3585 comitante
962 3531 1070 3606 patro,
1100 3530 1211 3606 gratur
1229 3520 1290 3584 bo-

260 3631 308 3694 nis
329 3630 492 3709 omnibus,
527 3633 633 3717 quiin
664 3633 811 3698 Sario-
834 3656 908 3697 nam
926 3634 1096 3721 Segaariua
1119 3633 1215 3719 paulo
1235 3655 1291 3697 an-

260 3756 292 3808 te
312 3743 396 3807 diem
429 3745 603 3809 obierat—
631 3745 755 3811 scholas
781 3747 988 3813 continuandi
1016 3749 1211 3812 voluntatem
1229 3769 1288 3833 po-

259 3859 322 3923 tius
346 3882 442 3946 quam
464 3860 649 3926 facultatem
679 3861 896 3927 celebrabant.
941 3862 1057 3928 Multos
1071 3862 1133 3933 ‚rel
1159 3864 1289 3948 praela-

247 3973 347 4036 'tione
364 3972 573 4058 Specimirrir
593 3976 723 4040 Critici
741 3976 775 4038 in
790 3997 937 4061 magnam
956 3977 1005 4040 oui
1016 3978 1297 4063 exspectationem·

260 4085 453 4166 adduxerat3
485 4110 622 4174 quorum
639 4111 702 4152 non
725 4111 850 4174 possum
870 4112 933 4153 non
950 4091 1086 4155 Paulum
1105 4091 1287 4156 Bounetum

260 4222 454 4281 memorare,
488 4202 660 4285 Trajectini
689 4204 845 4290 Theologi
871 4205 1023 4285 fratrem,
1053 4206 1176 4272 Codicis
1196 4205 1287 4271 Sacri
