2875 5075
770 520 813 583 st

323 696 391 759 llac
421 692 653 778 discipulorum
678 693 781 778 gratia
816 691 941 758 florenti
966 712 1084 757 munus
1117 692 1253 779 quidem
1280 696 1313 758 iu

280 808 348 873 dies
359 809 495 886 suavius,
516 808 704 892 neutiquam
723 826 801 871 vero
814 806 944 871 facilius
962 805 1140 872 ridebatur.
1162 808 1313 872 Praeter-

281 944 339 1001 ea,
370 922 495 987 aestivis
524 921 612 984 feriis
635 920 731 1005 primi
746 919 821 984 anui
839 921 978 1000 suumn,
1002 919 1162 988 lieusdius
1185 921 1312 987 scholas

279 1036 440 1101 inchoavit
457 1034 644 1113 historicas,
679 1032 798 1098 dehinc
822 1036 853 1098 ci
875 1055 951 1130 cum
975 1035 1174 1101 Graecarum
1201 1035 1312 1101 litera·

281 1172 353 1215 rum
369 1149 539 1236 disciplina
557 1146 597 1213 ad
615 1149 739 1235 obitum
755 1160 938 1234 perpetuas.
982 1150 1058 1228 liis,
1086 1149 1235 1235 proximo
1257 1172 1314 1215 au·

280 1284 344 1344 uo,
366 1262 497 1349 scholae
515 1273 722 1329 accesserunt
738 1262 780 1326 de
794 1262 898 1326 literis
914 1264 1034 1328 Latinis
1062 1274 1096 1329 et
1117 1265 1313 1350 antiquitate

279 1379 438 1459 Romana,
460 1388 513 1457 et,
537 1377 630 1441 Surio
647 1397 723 1441 vere
739 1400 767 1442 a.
792 1376 879 1443 1806
902 1376 1078 1457 defuncto,
1112 1400 1227 1442 uorem
1244 1402 1313 1444 am·

279 1492 364 1579 plius
390 1514 490 1557 annos
512 1492 658 1578 partibus
680 1474 820 1558 duorum
837 1493 969 1558 iunctus
1000 1468 1310 1574 est'l’roteasorum,

278 1608 324 1673 ita
351 1618 407 1686 ut,
439 1617 566 1692 praeter
591 1618 856 1673 commemoratas
884 1606 1027 1686 scholas,
1059 1607 1112 1670 rel
1137 1620 1313 1693 praecepta

280 1720 423 1786 traderet
449 1720 611 1787 rhetorica
640 1730 673 1785 ct
700 1722 765 1784 stili
800 1722 1043 1786 exercitationes
1068 1720 1311 1802 moderaretur,

280 1836 331 1900 rel
357 1835 581 1920 antiquitatem
609 1835 785 1914 Graecam,
815 1834 980 1900 historiam
1003 1834 1134 1899 Latinae
1158 1844 1311 1921 poiseus,

279 1948 549 2036 mythologiamre
566 1949 725 2015 Graecam
749 1946 943 2034 explicaret,
974 1948 1092 2013 ardum
1118 1960 1248 2031 autem,
1273 1952 1314 2017 li·

279 2072 420 2135 terarum
444 2075 477 2128 et
504 2062 723 2149 philosophiae
754 2062 921 2129 historiam
944 2062 1118 2146 conjuncte
1147 2063 1312 2129 interdum

280 2198 355 2241 cnm
370 2176 501 2243 historia
529 2178 674 2264 gentium
698 2188 892 2263 exponeret,
916 2175 1058 2263 denique
1076 2198 1151 2242 suas
1178 2199 1313 2265 quaque

278 2288 480 2355 hebdomade
519 2290 614 2356 horas
641 2290 734 2356 daret
762 2292 829 2355 sire
861 2290 961 2357 reteri
998 2290 1128 2359 cuidam
1160 2293 1311 2377 scriptori

280 2415 368 2470 extra
385 2405 528 2470 ordinem
546 2404 787 2491 interpretando
805 2405 871 2469 sive
891 2405 1007 2470 scholis
1023 2403 1176 2470 iterandis
1189 2454 1198 2487 ,
1209 2426 1311 2493 quae·

279 2541 343 2607 que
360 2519 477 2588 tradita
494 2520 641 2600 fuerant,
665 2520 802 2586 aliorum
822 2540 954 2608 quoque
974 2520 1009 2585 in
1035 2519 1220 2587 auditorum
1237 2543 1312 2608 gra·

279 2636 356 2700 tiam
372 2637 503 2700 uberius
521 2635 729 2702 illustrandis.
764 2637 852 2701 llaec
871 2635 928 2701 ille
956 2635 998 2700 ad
1019 2635 1209 2702 Academiae
1232 2638 1312 2701 'lra-

274 2749 433 2832 jectinac,
456 2749 691 2835 allapoleonte
713 2748 868 2830 afflictae,
897 2750 1160 2816 instaurationem
1185 2761 1219 2814 et
1237 2771 1313 2814 am-

279 2861 507 2949 plificationem
537 2874 675 2928 exeunte
710 2885 794 2946 anno
823 2866 930 2943 1815,
970 2886 1074 2952 quum
1109 2842 1226 2929 literas
1254 2887 1313 2930 an·

280 2978 409 3064 tiquae,
446 2977 588 3042 llensdio
615 2977 788 3043 admodum
821 2978 1003 3065 gaudente,
1046 2999 1165 3045 novum
1194 2992 1312 3045 nactae

279 3103 354 3158 sunt
379 3090 552 3158 doctorem.
596 3093 678 3158 Tum
712 3092 841 3158 scholae
872 3093 940 3177 ejus
968 3092 1148 3159 ordinariae
1173 3113 1310 3159 numero

279 3205 398 3274 fiebant
425 3208 612 3293 panciores,
651 3208 874 3294 antiquitatem
906 3206 1079 3293 literaeque
1105 3208 1263 3274 Graecas·
1277 3220 1312 3272 et

280 3323 425 3408 gentium
449 3321 611 3386 historiam
641 3320 910 3408 complectentes,
939 3321 1179 3402 Goudoeverio,
1211 3321 1311 3388 disci·

278 3436 356 3522 pulo
376 3437 555 3514 carissimo,
579 3435 770 3501 aZwollani
787 3436 950 3523 Gymnasii
968 3435 1186 3502 moderamine
1208 3436 1243 3500 in
1262 3437 1311 3502 al-

279 3561 379 3616 teram
404 3549 589 3615 cathedram
606 3561 738 3632 vocato,
769 3551 878 3616 literas
894 3551 1019 3616 latinas
1035 3563 1067 3615 et
1082 3551 1310 3637 antiquitatem

279 3666 453 3728 Romanam
472 3665 640 3750 quotannis
661 3665 843 3730 docendam
859 3667 1062 3752 suscipiente.
1085 3666 1150 3731 Sed
1161 3675 1316 3730 cntraer-·

279 3778 475 3844 dinariarum
493 3779 676 3844 scholarum
692 3799 753 3844 neo
768 3800 919 3847 numerus
936 3781 1194 3847 minuebaturet
1209 3801 1310 3867 argu·

261 3905 422 3960 mentum
438 3915 535 3979 saepe
554 3896 679 3981 gratim
696 3896 864 3982 magisque
888 3897 1033 3980 eprivae
1053 3895 1309 3981 investigationis

277 4007 486 4093 amplitudine
515 4008 648 4074 ductum
677 4021 757 4075 erat.
802 4010 874 4073 Huc
907 4009 991 4072 enim
1019 4009 1223 4094 pertinebant
1241 4030 1309 4073 non

276 4121 377 4186 solum
409 4120 540 4190 historia
569 4131 699 4212 poiseus
733 4123 897 4204 Graecae,
929 4122 1149 4210 philosophiae
1176 4124 1309 4188 univer-

276 4257 347 4313 sae,
376 4235 544 4302 literarum
569 4250 599 4301 et
628 4239 745 4303 artium
773 4237 994 4324 antiquarum,
1029 4238 1163 4324 politica
1195 4249 1229 4302 et
1261 4238 1306 4302 li-
