2875 5075
552 585 566 607 ,
608 532 689 631 sss

119 704 270 769 omnihus
290 705 479 784 oommentis
498 705 681 790 integrum,
704 706 816 791 rigore
837 707 1020 786 assensui,
1042 726 1149 794 eaque

118 818 156 883 in
172 816 256 903 lnoe·
267 816 418 903 predeat‚
441 816 531 883 unde
549 816 614 884 ulia
632 838 691 904 per
716 829 820 885 totum
839 817 989 905 delnoeps
1008 842 1090 908 opus
1107 822 1149 887 il-

18 959 19 992 1
120 932 302 997 lustrentur
315 939 413 1018 quam
433 934 590 1018 plurima:
607 930 694 1001 hand
703 932 906 1019 negligamus
925 956 1022 1019 porro
1040 936 1151 1005 losum

119 1044 163 1111 de
177 1043 348 1133 μαιευτικῇ
367 1046 534 1112 Socratica
560 1068 636 1111 cum
664 1048 763 1112 animi
782 1049 882 1112 nostri
900 1059 1014 1113 natura
1037 1051 1150 1114 aretis-

120 1160 202 1225 sime
221 1159 417 1229 cohaerente
434 1182 475 1225 ao
497 1161 605 1230 statim
620 1160 776 1246 proinde,
801 1182 839 1225 ex
861 1183 926 1249 qno
945 1162 1039 1227 insita
1058 1164 1151 1231 nobis

120 1273 188 1337 reri
204 1272 365 1359 cupiditas
385 1275 562 1361 perquisita
579 1286 667 1353 erat,
685 1274 1026 1361 plenimimeproieotn
1042 1296 1150 1363 neque

120 1386 163 1453 ad
185 1388 327 1453 Platonis
349 1389 451 1475 magis
481 1388 636 1476 quemad
658 1390 766 1473 justae
789 1391 998 1455 institutionis
1028 1392 1152 1456 intelli·-

121 1502 268 1587 gentiam
284 1501 448 1567 uberrime
467 1501 646 1589 desoriptas
670 1514 740 1569 tum
759 1524 836 1569 vero
853 1504 1076 1590 disputationis
1098 1526 1151 1569 re·-

121 1613 295 1683 oordemur
322 1614 365 1681 de
381 1615 579 1697 'dialeotion,
608 1618 757 1704 principe
783 1618 841 1685 ille
869 1618 956 1705 apud
984 1618 1150 1690 Platonem

89 1741 92 1747 '
121 1727 549 1815 disciplinarum-omnium,
573 1752 659 1818 quae
676 1744 817 1797 mentem
841 1733 977 1803 evehant
1001 1734 1150 1798 inmun-

121 1842 202 1909 dum
219 1834 349 1929 opis,
369 1844 498 1911 trahant
515 1847 647 1913 omnino
657 1834 727 1909 duo*
747 1845 808 1911 ansi
827 1835 1012 1932 personisve
1032 1837 1090 1912 hrt
1110 1838 1152 1914 ssi

121 1948 175 2025 de·
189 1957 246 2023 has
266 1959 351 2023 enim
367 1959 721 2047 orpheum-interpres,
740 1959 896 2047 singulari
913 1968 1043 2046 prorsus
1059 1950 1152 2045 o'spu
1265 1996 1267 2001 ·

120 2068 400 2157 deiprersoturin
412 2074 489 2154 illa,
512 2074 608 2159 enjus
627 2094 668 2139 ne
687 2076 818 2161 origine,
834 2073 968 2163 qiidam
984 2073 1152 2159 initiisque

120 2186 298 2273 neglectis,
319 2188 366 2253 aio
380 2187 481 2254 tradit
496 2191 651 2255 sationem
665 2190 862 2259 Saoraticam
877 2201 912 2258 st
926 2187 1150 2271 insontem

120 2318 271 2381 omnem,
294 2310 332 2367 ut
354 2303 516 2369 oerneudo
541 2297 775 2391 jungendoqne
797 2304 897 2389 ipsius
924 2302 1054 2369 tandem
1078 2302 1151 2366 l’ls·

89 2460 94 2473 ·
121 2415 208 2480 tastis
238 2415 346 2482 locum
371 2418 460 2483 inter
484 2420 678 2505 magistrum
696 2432 738 2484 et
769 2418 963 2504 discipulum
992 2417 1151 2503 reperiat,

120 2530 327 2617 singularum
350 2534 484 2617 insuper
500 2530 666 2598 declarans
685 2531 911 2598 methodorum
931 2533 1014 2611 rim,
1037 2551 1151 2608 usum,

118 2645 369 2732 praestantiam,
404 2646 641 2712 Platonicorum
659 2647 853 2733 scriptorum
877 2667 952 2716 oum
969 2644 1151 2732 philosophi

121 2759 297 2826 dialectiea
320 2760 575 2826 convenientiam
600 2779 815 2849 persequens,
839 2761 986 2828 omnihus
1011 2759 1153 2850 deniquo

123 2874 340 2960 patefaciens,
368 2886 569 2962 quantopere
590 2876 741 2963 princeps
771 2875 1033 2962 disciplinarum,
1057 2897 1153 2962 saepe

124 2989 203 3054 het
238 2990 273 3053 in
308 2988 531 3077 philosophiae
567 2989 798 3057 detrimentum
826 3013 931 3071 versa,
976 2993 1006 3055 ei
1045 3003 1152 3055 tamen

126 3103 329 3190 prodesset
343 3106 444 3190 possit
463 3104 639 3172 etdeheat.
672 3105 786 3191 Neque
804 3105 867 3169 alia
887 3125 951 3169 non
977 3114 1152 3188 suppetunt

126 3219 397 3304 interpretationis
429 3219 621 3304 perspicuae
645 3228 745 3304 atque
769 3227 970 3303 opportunae
994 3217 1170 3301 exempla·

127 3333 154 3398 E
186 3331 409 3421 disquisitione
440 3355 469 3400 v.
498 3355 528 3402 o.
557 3332 598 3398 de
624 3330 744 3398 mundo
765 3327 886 3416 νοητῷ,
917 3330 1035 3417 inquo
1064 3331 1153 3416 apud

127 3447 294 3513 Platonem
322 3447 415 3512 ideae
442 3447 575 3527 luoent,
610 3448 752 3533 ipsarum
790 3446 977 3512 obversatur
1005 3445 1152 3511 idearum

126 3562 316 3648 explicatio:
354 3583 452 3650 quam
487 3561 601 3627 sedulo
639 3583 698 3626 eae
732 3583 751 3627 a
778 3561 955 3643 similibus,
988 3581 1073 3648 quae
1104 3563 1152 3627 vi·

125 3675 267 3757 deutur,
291 3678 428 3742 aliorum
449 3675 713 3763 philosophorum
739 3677 866 3763 plaoitis
897 3675 1152 3764 distinguantur:

127 3803 185 3871 at,
207 3791 321 3858 eodem
342 3792 507 3858 Platonioa
526 3811 676 3879 quaeque
694 3791 736 3856 ab
751 3790 865 3858 alienis
884 3803 1020 3880 purgata
1046 3802 1088 3856 et·
1100 3794 1150 3856 in·

130 3895 225 3994 tegra
246 3906 417 3972 exhiheudi
437 3906 560 3988 studio,
582 3905 817 3994 metaphysioae
839 3905 1049 3973 Aristoteleae
1075 3927 1150 3972 esa-

127 4023 345 4123 aainenturet
361 4028 585 4109 oompareotur
605 4022 743 4109 placita,
765 4033 866 4110 atque
887 4021 950 4088 hoe
971 4017 1098 4086 tandem
1119 4021 1153 4091 in

126 4149 306 4223 eouspeotn
331 4149 438 4204 nostro
462 4150 619 4224 ponatur3
643 4138 759 4204 horum
779 4155 930 4226 quoqne,
953 4145 1028 4202 utut
1047 4137 1152 4204 suhli·
1277 4169 1279 4172 ·

134 4252 250 4345 mium,
289 4253 427 4318 Platonis
452 4252 643 4339 placitorum
671 4252 805 4338 simplex
841 4273 909 4317 esse
941 4236 1150 4340 propositum,
