2875 5075
719 472 734 495 ⁵
760 506 803 569 se

264 677 437 765 diligenter
469 674 725 763 investigandum
752 676 1008 765 gravissimarum
1047 679 1292 743 conversionum

264 814 387 857 causas
397 779 664 857 sciscitantibus.»
676 791 716 856 llt
728 789 790 857 hac
801 775 1043 879 investigatione
1053 791 1118 857 dici
1126 794 1176 857 vir
1188 803 1294 877 potest

225 971 227 975 ,
262 926 360 993 quam
389 904 501 970 sedulo
525 902 689 990 discipulis
707 907 869 991 praeiret,
893 906 1058 993 inquirens
1082 929 1145 971 non
1166 918 1293 972 tantum

261 1020 460 1106 ingentium
486 1018 650 1099 indolem,
679 1019 804 1101 studia,
827 1042 953 1100 mores,
976 1021 1076 1107 inque
1094 1022 1233 1085 aliarum
1253 1022 1294 1086 ab

261 1134 332 1199 aliis
343 1133 527 1199 discrimina
538 1143 688 1199 accurate
700 1133 934 1214 constituenda,
946 1133 1001 1199 sed
1020 1135 1161 1199 etiamin
1172 1135 1295 1199 lentam

265 1246 391 1335 generis
419 1246 552 1313 humani
570 1246 611 1312 ad
639 1248 853 1313 maturiorem.
873 1258 1010 1313 aetutem
1036 1250 1295 1336 progressionem

262 1372 316 1441 et,
340 1384 399 1447 pro
421 1360 483 1427 hoo
503 1384 733 1449 progressuum
751 1362 857 1444 modo,
872 1362 1071 1450 distinguens
1092 1363 1295 1429 abOrienta-

262 1476 347 1541 libus
372 1476 537 1555 Graecos,
568 1476 609 1541 ah
637 1474 687 1540 his
711 1478 890 1557 Romanos,
914 1489 1026 1564 gentes
1046 1476 1188 1565 denique
1205 1477 1295 1545 Ger·
1390 1477 1395 1484 '

262 1590 401 1657 manicas
424 1590 464 1655 ab
492 1590 640 1657 omnibus
678 1590 879 1678 antiquitatis
910 1592 1049 1677 populis.
1095 1593 1166 1658 lloo
1186 1603 1297 1659 autem

145 1773 147 1778 .
261 1705 433 1791 inprimis
459 1704 736 1771 animadversione
761 1705 906 1792 dignum.
951 1706 1054 1771 Antea
1084 1692 1175 1771 enim*
1192 1729 1296 1795 quum

262 1818 392 1884 doceret
412 1818 576 1883 historiam
606 1818 647 1885 ed
666 1819 830 1885 bominem
846 1800 1106 1907 cognoscendum
1120 1821 1296 1904 adducere,

21 2010 25 2015 ,
258 1930 333 2018 jam'
356 1934 474 2021 pariter
504 1933 600 2018 hujus
630 1936 849 2022 cognitionem
876 1933 916 1999 ad
944 1935 1035 2000 illam
1052 1936 1297 2024 intelligendum

262 2048 369 2124 valere
385 2048 579 2129 affirmabat;
604 2048 767 2113 hominem
789 2049 874 2113 enim
900 2049 935 2113 in
953 2050 1023 2135 ipsa
1042 2062 1191 2137 agentem
1211 2074 1296 2118 eon-

263 2164 361 2251 spici,
397 2164 489 2247 cujus
512 2147 587 2251 ¹quo
615 2165 716 2251 magis
738 2164 1000 2251 perspicerentur
1020 2165 1144 2230 diversa
1160 2164 1295 2231 diverds

263 2279 347 2343 vitae
363 2279 559 2365 temporibus
578 2279 682 2343 studia
699 2290 732 2343 et
749 2300 879 2359 sensus,
915 2302 955 2345 eo
977 2280 1096 2346 certius
1115 2302 1295 2365 apparere,

264 2393 495 2491 spargentibus
507 2415 638 2481 qnoque
649 2405 681 2457 et
693 2395 803 2480 generi
812 2371 953 2461 humano
963 2406 1083 2461 aetates
1090 2416 1151 2459 nco
1159 2394 1297 2460 dissimi-

200 2583 202 2588 ,
263 2509 327 2574 lem
343 2530 410 2574 esse
433 2507 665 2596 progrediundi
683 2510 852 2577 rationem.
899 2509 963 2576 Sed
986 2509 1050 2576 hoo
1069 2521 1297 2598 argumentum

264 2633 433 2711 postquam
452 2624 513 2688 sibi
529 2625 615 2690 risus
643 2637 711 2691 erat
730 2637 837 2692 mente
858 2625 1030 2712 complecti
1049 2638 1175 2705 totum,
1199 2626 1298 2714 longe

263 2737 485 2824 dignissimum
508 2737 685 2822 judicavit,
725 2739 813 2826 quod
846 2740 1067 2825 peculiaribus
1095 2741 1136 2806 de
1163 2741 1297 2808 historia

265 2852 478 2940 Humanitatis
497 2852 614 2917 scholis
635 2852 762 2938 plenius
784 2853 1012 2940 explicaretur.

309 2967 373 3030 llas
392 2967 530 3051 primum
561 2968 688 3053 aperuit
710 2990 794 3033 auno
818 2969 905 3035 1819
922 2969 1103 3057 habuitque
1130 2970 1205 3036 dein
1221 2993 1296 3040 sae·

217 3109 219 3116 s
265 3081 348 3168 pius.
380 3080 591 3146 continebant
619 3093 728 3146 antem
758 3083 944 3150 historicam
970 3084 1228 3172 disquisitionem
1254 3086 1297 3151 de

266 3195 315 3260 via
337 3217 376 3262 ac
394 3196 534 3276 ratione,
560 3218 625 3283 qua
638 3195 797 3276 homines,
821 3199 886 3262 sire
905 3221 1007 3285 genus
1023 3199 1220 3280 humanum,
1238 3223 1296 3286 per
1400 3212 1404 3219 '

265 3322 448 3396 temporum
466 3310 638 3376 decursum
655 3311 695 3376 ad
715 3333 752 3377 ea
771 3314 877 3377 omnia
894 3314 1108 3394 tetenderint,
1139 3335 1223 3400 quae
1255 3314 1296 3380 ad

264 3423 511 3505 humanitatem,
535 3425 568 3490 id
591 3437 658 3504 est,
694 3427 876 3492 universam
893 3427 1044 3492 bominis
1063 3429 1296 3514 perlectionem

266 3539 457 3603 referuntur.
476 3535 502 3634 ¹)
532 3539 635 3623 llujus
656 3539 809 3608 historiae
827 3561 945 3606 munos
961 3543 1182 3622 describebat,
1195 3567 1298 3632 quae-
1384 3564 1387 3567 ·

267 3674 339 3717 narn
363 3651 559 3716 sithominis
580 3665 693 3722 natura
709 3669 861 3722 accurate
881 3657 1071 3756 explorare,
1092 3679 1189 3744 porro
1205 3682 1224 3722 e
1240 3683 1297 3725 na·

267 3875 472 3888 ..—-—-—

300 3995 326 4061 1)
344 4001 394 4049 llac
414 4014 476 4050 soce
498 4002 574 4048 utens
587 3999 721 4063 lleusdius,
732 4002 944 4067 probcnorst,ed
961 4019 1045 4067 neque
1060 4004 1142 4052 omnis
1158 4002 1296 4063 eontideri,

267 4101 332 4148 quse
352 4090 438 4135 nostro
464 4085 586 4136 vocabulo
609 4087 775 4136 monsoblsss'd
799 4089 990 4153 exprimuntur,
1016 4105 1064 4138 nec
1085 4105 1146 4137 vero
1166 4089 1296 4136 contineri
1331 4138 1334 4143 ,

264 4185 357 4234 posse,
376 4170 547 4220 nobilioribus
565 4173 661 4238 quippe
680 4174 853 4223 recentiorum
876 4175 994 4224 sensibus
1021 4174 1169 4237 antiquitati
1191 4173 1296 4236 ignotis.

266 4254 322 4304 Vid.
339 4257 442 4305 omnino
451 4258 545 4306 Solscol
558 4274 608 4306 voss
618 4259 707 4322 Polyb.
718 4275 743 4323 p.
753 4256 803 4308 118
811 4264 838 4309 et
845 4260 914 4310 laud.
927 4261 982 4310 illic
994 4261 1102 4311 Solous
1112 4259 1211 4309 omas.
1228 4259 1295 4310 locs.
