<?xml version="1.0" encoding="UTF-8"?>
<!DOCTYPE html PUBLIC "-//W3C//DTD XHTML 1.0 Transitional//EN"
    "http://www.w3.org/TR/xhtml1/DTD/xhtml1-transitional.dtd">
<html xmlns="http://www.w3.org/1999/xhtml" xml:lang="en" lang="en">
 <head>
  <title>
</title>
<meta http-equiv="Content-Type" content="text/html;charset=utf-8" />
  <meta name='ocr-system' content='tesseract 3.04.00' />
  <meta name='ocr-capabilities' content='ocr_page ocr_carea ocr_par ocr_line ocrx_word'/>
</head>
<body>
  <div class='ocr_page' id='page_1' title='image "./memoriaheusdii00rovegoog_0260.png"; bbox 0 0 2875 5075; ppageno 0'>
   <div class='ocr_carea' id='block_1_1' title="bbox 616 591 681 653">
    <p class='ocr_par' dir='ltr' id='par_1_1' title="bbox 616 591 681 653">
     <span class='ocr_line' id='line_1_1' title="bbox 616 591 681 653; baseline 0 0"><span class='ocrx_word' id='word_1_1' title='bbox 616 591 681 653; x_wconf 78' lang='lat' dir='ltr'><strong>tls</strong></span> 
     </span>
    </p>
   </div>
   <div class='ocr_carea' id='block_1_2' title="bbox 135 762 1166 1537">
    <p class='ocr_par' dir='ltr' id='par_1_2' title="bbox 135 762 1166 1537">
     <span class='ocr_line' id='line_1_2' title="bbox 135 762 1165 852; baseline -0.004 -21"><span class='ocrx_word' id='word_1_2' title='bbox 135 767 304 831; x_wconf 74' lang='lat' dir='ltr'>arboribus</span> <span class='ocrx_word' id='word_1_3' title='bbox 324 765 551 852; x_wconf 56' lang='lat' dir='ltr'><strong>consiti21acta</strong></span> <span class='ocrx_word' id='word_1_4' title='bbox 573 764 621 828; x_wconf 88' lang='lat' dir='ltr'><strong>his</strong></span> <span class='ocrx_word' id='word_1_5' title='bbox 641 763 809 845; x_wconf 83' lang='lat' dir='ltr'><strong>interjecta</strong></span> <span class='ocrx_word' id='word_1_6' title='bbox 825 784 899 825; x_wconf 82' lang='lat' dir='ltr'><strong>arva</strong></span> <span class='ocrx_word' id='word_1_7' title='bbox 916 762 1047 827; x_wconf 85' lang='lat' dir='ltr'><strong>babent.</strong></span> <span class='ocrx_word' id='word_1_8' title='bbox 1072 762 1165 827; x_wconf 87' lang='lat' dir='ltr'><strong>Unde</strong></span> 
     </span>
     <span class='ocr_line' id='line_1_3' title="bbox 135 877 1164 965; baseline -0.006 -18"><span class='ocrx_word' id='word_1_9' title='bbox 135 882 264 947; x_wconf 84' lang='lat' dir='ltr'><strong>Gelriae</strong></span> <span class='ocrx_word' id='word_1_10' title='bbox 283 890 403 945; x_wconf 86' lang='lat' dir='ltr'><strong>tractus</strong></span> <span class='ocrx_word' id='word_1_11' title='bbox 422 878 555 965; x_wconf 87' lang='lat' dir='ltr'><strong>quidam</strong></span> <span class='ocrx_word' id='word_1_12' title='bbox 577 878 742 945; x_wconf 79' lang='lat' dir='ltr'><strong>ciminum</strong></span> <span class='ocrx_word' id='word_1_13' title='bbox 769 879 804 941; x_wconf 90' lang='lat' dir='ltr'><strong>in</strong></span> <span class='ocrx_word' id='word_1_14' title='bbox 828 877 958 943; x_wconf 88' lang='lat' dir='ltr'><strong>modurn</strong></span> <span class='ocrx_word' id='word_1_15' title='bbox 981 878 1164 962; x_wconf 85' lang='lat' dir='ltr'><strong>placebant.</strong></span> 
     </span>
     <span class='ocr_line' id='line_1_4' title="bbox 135 992 1164 1075; baseline -0.003 -16"><span class='ocrx_word' id='word_1_16' title='bbox 135 996 283 1059; x_wconf 80' lang='lat' dir='ltr'><strong>Attamen</strong></span> <span class='ocrx_word' id='word_1_17' title='bbox 306 994 453 1059; x_wconf 75' lang='lat' dir='ltr'><strong>rusticari</strong></span> <span class='ocrx_word' id='word_1_18' title='bbox 468 994 502 1057; x_wconf 91' lang='lat' dir='ltr'><strong>in</strong></span> <span class='ocrx_word' id='word_1_19' title='bbox 517 993 629 1057; x_wconf 85' lang='lat' dir='ltr'><strong>villula</strong></span> <span class='ocrx_word' id='word_1_20' title='bbox 648 993 786 1057; x_wconf 89' lang='lat' dir='ltr'><strong>malebat</strong></span> <span class='ocrx_word' id='word_1_21' title='bbox 803 993 951 1075; x_wconf 77' lang='lat' dir='ltr'><strong>Trajeoto</strong></span> <span class='ocrx_word' id='word_1_22' title='bbox 968 993 1014 1057; x_wconf 90' lang='lat' dir='ltr'><strong>ita</strong></span> <span class='ocrx_word' id='word_1_23' title='bbox 1036 992 1164 1071; x_wconf 72' lang='lat' dir='ltr'><strong>timna,</strong></span> 
     </span>
     <span class='ocr_line' id='line_1_5' title="bbox 135 1106 1164 1196; baseline -0.003 -22"><span class='ocrx_word' id='word_1_24' title='bbox 135 1122 193 1187; x_wconf 89' lang='lat' dir='ltr'><strong>ut,</strong></span> <span class='ocrx_word' id='word_1_25' title='bbox 213 1130 315 1196; x_wconf 91' lang='lat' dir='ltr'><strong>quum</strong></span> <span class='ocrx_word' id='word_1_26' title='bbox 326 1106 471 1195; x_wconf 78' lang='lat' dir='ltr'>quotidie</span> <span class='ocrx_word' id='word_1_27' title='bbox 481 1108 515 1173; x_wconf 92' lang='lat' dir='ltr'><strong>in</strong></span> <span class='ocrx_word' id='word_1_28' title='bbox 527 1108 640 1171; x_wconf 87' lang='lat' dir='ltr'><strong>urbem</strong></span> <span class='ocrx_word' id='word_1_29' title='bbox 651 1108 724 1173; x_wconf 80' lang='lat' dir='ltr'><strong>vehi</strong></span> <span class='ocrx_word' id='word_1_30' title='bbox 739 1118 863 1192; x_wconf 88' lang='lat' dir='ltr'><strong>posset,</strong></span> <span class='ocrx_word' id='word_1_31' title='bbox 879 1106 1164 1177; x_wconf 86' lang='lat' dir='ltr'><strong>commorationem</strong></span> 
     </span>
     <span class='ocr_line' id='line_1_6' title="bbox 136 1220 1166 1308; baseline -0.003 -22"><span class='ocrx_word' id='word_1_32' title='bbox 136 1235 224 1288; x_wconf 81' lang='lat' dir='ltr'><strong>extra</strong></span> <span class='ocrx_word' id='word_1_33' title='bbox 234 1224 386 1289; x_wconf 88' lang='lat' dir='ltr'><strong>leriarom</strong></span> <span class='ocrx_word' id='word_1_34' title='bbox 400 1233 527 1308; x_wconf 80' lang='lat' dir='ltr'><strong>tempus</strong></span> <span class='ocrx_word' id='word_1_35' title='bbox 539 1222 682 1306; x_wconf 82' lang='lat' dir='ltr'><strong>prolerre</strong></span> <span class='ocrx_word' id='word_1_36' title='bbox 700 1222 826 1287; x_wconf 85' lang='lat' dir='ltr'><strong>liceret.</strong></span> <span class='ocrx_word' id='word_1_37' title='bbox 850 1222 968 1303; x_wconf 80' lang='lat' dir='ltr'><strong>Quales</strong></span> <span class='ocrx_word' id='word_1_38' title='bbox 980 1220 1060 1285; x_wconf 87' lang='lat' dir='ltr'><strong>dnae</strong></span> <span class='ocrx_word' id='word_1_39' title='bbox 1070 1220 1166 1285; x_wconf 87' lang='lat' dir='ltr'><strong>dein-</strong></span> 
     </span>
     <span class='ocr_line' id='line_1_7' title="bbox 135 1335 1165 1423; baseline -0.002 -22"><span class='ocrx_word' id='word_1_40' title='bbox 135 1358 210 1423; x_wconf 83' lang='lat' dir='ltr'><strong>ceps</strong></span> <span class='ocrx_word' id='word_1_41' title='bbox 222 1360 323 1423; x_wconf 83' lang='lat' dir='ltr'><strong>prope</strong></span> <span class='ocrx_word' id='word_1_42' title='bbox 339 1358 459 1423; x_wconf 84' lang='lat' dir='ltr'><strong>pagum</strong></span> <span class='ocrx_word' id='word_1_43' title='bbox 470 1337 509 1400; x_wconf 80' lang='lat' dir='ltr'><strong>sle</strong></span> <span class='ocrx_word' id='word_1_44' title='bbox 523 1335 604 1401; x_wconf 82' lang='lat' dir='ltr'><strong>Bilt</strong></span> <span class='ocrx_word' id='word_1_45' title='bbox 619 1336 772 1401; x_wconf 79' lang='lat' dir='ltr'><strong>conduxit</strong></span> <span class='ocrx_word' id='word_1_46' title='bbox 787 1356 1010 1421; x_wconf 87' lang='lat' dir='ltr'><strong>peramoenas,</strong></span> <span class='ocrx_word' id='word_1_47' title='bbox 1026 1358 1165 1421; x_wconf 88' lang='lat' dir='ltr'><strong>quarum</strong></span> 
     </span>
     <span class='ocr_line' id='line_1_8' title="bbox 136 1450 1165 1537; baseline 0 -22"><span class='ocrx_word' id='word_1_48' title='bbox 136 1452 269 1515; x_wconf 86' lang='lat' dir='ltr'><strong>alteram</strong></span> <span class='ocrx_word' id='word_1_49' title='bbox 283 1474 302 1515; x_wconf 88' lang='lat' dir='ltr'><strong>a</strong></span> <span class='ocrx_word' id='word_1_50' title='bbox 314 1452 362 1515; x_wconf 88' lang='lat' dir='ltr'><strong>ria</strong></span> <span class='ocrx_word' id='word_1_51' title='bbox 371 1452 502 1537; x_wconf 83' lang='lat' dir='ltr'><strong>publica</strong></span> <span class='ocrx_word' id='word_1_52' title='bbox 520 1451 619 1536; x_wconf 86' lang='lat' dir='ltr'><strong>paolo</strong></span> <span class='ocrx_word' id='word_1_53' title='bbox 629 1452 833 1518; x_wconf 80' lang='lat' dir='ltr'><strong>remotiorem</strong></span> <span class='ocrx_word' id='word_1_54' title='bbox 843 1461 876 1513; x_wconf 88' lang='lat' dir='ltr'><strong>et</strong></span> <span class='ocrx_word' id='word_1_55' title='bbox 891 1450 1017 1515; x_wconf 81' lang='lat' dir='ltr'><strong>rusticis</strong></span> <span class='ocrx_word' id='word_1_56' title='bbox 1035 1461 1165 1515; x_wconf 77' lang='lat' dir='ltr'><strong>conter-</strong></span> 
     </span>
    </p>
   </div>
   <div class='ocr_carea' id='block_1_3' title="bbox 39 1562 1215 1651">
    <p class='ocr_par' dir='ltr' id='par_1_3' title="bbox 39 1562 1215 1651">
     <span class='ocr_line' id='line_1_9' title="bbox 39 1562 1215 1651; baseline 0 -22"><span class='ocrx_word' id='word_1_57' title='bbox 39 1636 45 1647; x_wconf 57' lang='grc'>,</span> <span class='ocrx_word' id='word_1_58' title='bbox 135 1564 310 1650; x_wconf 82' lang='lat' dir='ltr'><strong>minam,¹)</strong></span> <span class='ocrx_word' id='word_1_59' title='bbox 331 1564 371 1630; x_wconf 92' lang='lat' dir='ltr'><strong>de</strong></span> <span class='ocrx_word' id='word_1_60' title='bbox 385 1586 450 1651; x_wconf 90' lang='lat' dir='ltr'><strong>qua</strong></span> <span class='ocrx_word' id='word_1_61' title='bbox 467 1564 643 1649; x_wconf 78' lang='lat' dir='ltr'><strong>usurpabat</strong></span> <span class='ocrx_word' id='word_1_62' title='bbox 660 1578 709 1629; x_wconf 81' lang='lat' dir='ltr'><strong>eat</strong></span> <span class='ocrx_word' id='word_1_63' title='bbox 731 1568 772 1628; x_wconf 77' lang='lat' dir='ltr'><strong>in</strong></span> <span class='ocrx_word' id='word_1_64' title='bbox 788 1588 919 1629; x_wconf 74' lang='lat' dir='ltr'><strong>racem</strong></span> <span class='ocrx_word' id='word_1_65' title='bbox 947 1565 1052 1644; x_wconf 78' lang='lat' dir='ltr'><strong>lacae,</strong></span> <span class='ocrx_word' id='word_1_66' title='bbox 1070 1566 1165 1629; x_wconf 78' lang='lat' dir='ltr'><strong>alteri</strong></span> <span class='ocrx_word' id='word_1_67' title='bbox 1212 1562 1215 1569; x_wconf 75' lang='grc'><strong>’</strong></span> 
     </span>
    </p>
   </div>
   <div class='ocr_carea' id='block_1_4' title="bbox 76 1678 1195 3260">
    <p class='ocr_par' dir='ltr' id='par_1_4' title="bbox 76 1678 1195 3260">
     <span class='ocr_line' id='line_1_10' title="bbox 135 1678 1163 1765; baseline 0.001 -22"><span class='ocrx_word' id='word_1_68' title='bbox 135 1678 222 1749; x_wconf 84' lang='lat' dir='ltr'><strong>band</strong></span> <span class='ocrx_word' id='word_1_69' title='bbox 240 1681 418 1765; x_wconf 72' lang='lat' dir='ltr'><strong>postposuit</strong></span> <span class='ocrx_word' id='word_1_70' title='bbox 435 1679 574 1744; x_wconf 76' lang='lat' dir='ltr'><strong>adriam</strong></span> <span class='ocrx_word' id='word_1_71' title='bbox 591 1681 668 1743; x_wconf 90' lang='lat' dir='ltr'><strong>sitae</strong></span> <span class='ocrx_word' id='word_1_72' title='bbox 687 1692 719 1743; x_wconf 90' lang='lat' dir='ltr'><strong>et</strong></span> <span class='ocrx_word' id='word_1_73' title='bbox 729 1679 906 1765; x_wconf 79' lang='lat' dir='ltr'><strong>magnificis</strong></span> <span class='ocrx_word' id='word_1_74' title='bbox 918 1680 1056 1765; x_wconf 88' lang='lat' dir='ltr'><strong>praediis</strong></span> <span class='ocrx_word' id='word_1_75' title='bbox 1074 1682 1163 1745; x_wconf 91' lang='lat' dir='ltr'><strong>cine·</strong></span> 
     </span>
     <span class='ocr_line' id='line_1_11' title="bbox 135 1791 1167 1881; baseline -0.001 -23"><span class='ocrx_word' id='word_1_76' title='bbox 135 1806 196 1859; x_wconf 89' lang='lat' dir='ltr'><strong>tae.</strong></span> <span class='ocrx_word' id='word_1_77' title='bbox 207 1791 233 1881; x_wconf 83' lang='lat'><strong>²)</strong></span> <span class='ocrx_word' id='word_1_78' title='bbox 260 1796 304 1859; x_wconf 79' lang='lat' dir='ltr'><strong>Ex</strong></span> <span class='ocrx_word' id='word_1_79' title='bbox 315 1797 353 1859; x_wconf 87' lang='lat' dir='ltr'><strong>iis</strong></span> <span class='ocrx_word' id='word_1_80' title='bbox 369 1806 477 1863; x_wconf 86' lang='lat' dir='ltr'><strong>antem</strong></span> <span class='ocrx_word' id='word_1_81' title='bbox 496 1816 571 1859; x_wconf 87' lang='lat' dir='ltr'><strong>cum</strong></span> <span class='ocrx_word' id='word_1_82' title='bbox 587 1795 657 1880; x_wconf 88' lang='lat' dir='ltr'><strong>ipso</strong></span> <span class='ocrx_word' id='word_1_83' title='bbox 669 1796 703 1857; x_wconf 90' lang='lat' dir='ltr'><strong>iu</strong></span> <span class='ocrx_word' id='word_1_84' title='bbox 719 1796 838 1860; x_wconf 82' lang='lat' dir='ltr'><strong>vicinas</strong></span> <span class='ocrx_word' id='word_1_85' title='bbox 848 1796 942 1858; x_wconf 80' lang='lat' dir='ltr'><strong>silvas</strong></span> <span class='ocrx_word' id='word_1_86' title='bbox 958 1807 1167 1859; x_wconf 70' lang='lat' dir='ltr'><strong>excurrentes</strong></span> 
     </span>
     <span class='ocr_line' id='line_1_12' title="bbox 134 1910 1166 1996; baseline -0.001 -23"><span class='ocrx_word' id='word_1_87' title='bbox 134 1931 173 1974; x_wconf 86' lang='lat' dir='ltr'><strong>ac</strong></span> <span class='ocrx_word' id='word_1_88' title='bbox 191 1910 373 1973; x_wconf 81' lang='lat' dir='ltr'><strong>suavissima</strong></span> <span class='ocrx_word' id='word_1_89' title='bbox 386 1910 457 1977; x_wconf 91' lang='lat' dir='ltr'><strong>loca</strong></span> <span class='ocrx_word' id='word_1_90' title='bbox 473 1910 662 1989; x_wconf 80' lang='lat' dir='ltr'><strong>lustrantes,</strong></span> <span class='ocrx_word' id='word_1_91' title='bbox 683 1920 946 1996; x_wconf 72' lang='lat' dir='ltr'><strong>quantam‘saepe</strong></span> <span class='ocrx_word' id='word_1_92' title='bbox 962 1910 1031 1993; x_wconf 84' lang='lat' dir='ltr'><strong>ejus</strong></span> <span class='ocrx_word' id='word_1_93' title='bbox 1049 1912 1085 1973; x_wconf 88' lang='lat' dir='ltr'><strong>in</strong></span> <span class='ocrx_word' id='word_1_94' title='bbox 1097 1910 1166 1973; x_wconf 90' lang='lat' dir='ltr'><strong>col·</strong></span> 
     </span>
     <span class='ocr_line' id='line_1_13' title="bbox 135 2024 1164 2109; baseline 0 -22"><span class='ocrx_word' id='word_1_95' title='bbox 135 2024 299 2109; x_wconf 90' lang='lat' dir='ltr'><strong>loquendo</strong></span> <span class='ocrx_word' id='word_1_96' title='bbox 315 2034 346 2087; x_wconf 88' lang='lat' dir='ltr'><strong>et</strong></span> <span class='ocrx_word' id='word_1_97' title='bbox 364 2035 496 2089; x_wconf 88' lang='lat' dir='ltr'><strong>naturae</strong></span> <span class='ocrx_word' id='word_1_98' title='bbox 512 2024 635 2089; x_wconf 86' lang='lat' dir='ltr'><strong>deliciis</strong></span> <span class='ocrx_word' id='word_1_99' title='bbox 646 2024 784 2089; x_wconf 78' lang='lat' dir='ltr'><strong>truendo</strong></span> <span class='ocrx_word' id='word_1_100' title='bbox 796 2025 994 2091; x_wconf 72' lang='lat' dir='ltr'><strong>alacritatem</strong></span> <span class='ocrx_word' id='word_1_101' title='bbox 1011 2024 1164 2089; x_wconf 81' lang='lat' dir='ltr'><strong>vidimus:</strong></span> 
     </span>
     <span class='ocr_line' id='line_1_14' title="bbox 135 2138 1195 2228; baseline 0.004 -25"><span class='ocrx_word' id='word_1_102' title='bbox 135 2140 261 2225; x_wconf 80' lang='lat' dir='ltr'><strong>quoties</strong></span> <span class='ocrx_word' id='word_1_103' title='bbox 277 2138 360 2205; x_wconf 92' lang='lat' dir='ltr'><strong>illud</strong></span> <span class='ocrx_word' id='word_1_104' title='bbox 379 2138 539 2203; x_wconf 89' lang='lat' dir='ltr'><strong>recordati</strong></span> <span class='ocrx_word' id='word_1_105' title='bbox 550 2139 681 2207; x_wconf 82' lang='lat' dir='ltr'><strong>effatum</strong></span> <span class='ocrx_word' id='word_1_106' title='bbox 697 2158 824 2204; x_wconf 83' lang='lat' dir='ltr'><strong>sumus:</strong></span> <span class='ocrx_word' id='word_1_107' title='bbox 851 2140 1016 2205; x_wconf 79' lang='lat' dir='ltr'><strong>‹smnltuna</strong></span> <span class='ocrx_word' id='word_1_108' title='bbox 1034 2161 1112 2203; x_wconf 84' lang='lat' dir='ltr'><strong>sane</strong></span> <span class='ocrx_word' id='word_1_109' title='bbox 1123 2140 1165 2207; x_wconf 84' lang='lat' dir='ltr'><strong>ab</strong></span> <span class='ocrx_word' id='word_1_110' title='bbox 1190 2218 1195 2228; x_wconf 36' lang='lat'>‚</span> 
     </span>
     <span class='ocr_line' id='line_1_15' title="bbox 134 2252 1165 2341; baseline 0.002 -26"><span class='ocrx_word' id='word_1_111' title='bbox 134 2252 303 2317; x_wconf 81' lang='lat' dir='ltr'><strong>arboribus</strong></span> <span class='ocrx_word' id='word_1_112' title='bbox 320 2265 419 2339; x_wconf 85' lang='lat' dir='ltr'><strong>atque</strong></span> <span class='ocrx_word' id='word_1_113' title='bbox 436 2254 553 2338; x_wconf 88' lang='lat' dir='ltr'><strong>plantis</strong></span> <span class='ocrx_word' id='word_1_114' title='bbox 572 2254 694 2318; x_wconf 86' lang='lat' dir='ltr'><strong>discere</strong></span> <span class='ocrx_word' id='word_1_115' title='bbox 706 2255 821 2320; x_wconf 85' lang='lat' dir='ltr'><strong>licet.»</strong></span> <span class='ocrx_word' id='word_1_116' title='bbox 833 2252 861 2341; x_wconf 76' lang='lat'><strong>³)</strong></span> <span class='ocrx_word' id='word_1_117' title='bbox 885 2254 946 2319; x_wconf 83' lang='lat' dir='ltr'><strong>Sed</strong></span> <span class='ocrx_word' id='word_1_118' title='bbox 966 2254 1053 2319; x_wconf 87' lang='lat' dir='ltr'><strong>idem</strong></span> <span class='ocrx_word' id='word_1_119' title='bbox 1070 2276 1165 2340; x_wconf 83' lang='lat' dir='ltr'><strong>pere-</strong></span> 
     </span>
     <span class='ocr_line' id='line_1_16' title="bbox 135 2366 1166 2453; baseline 0.001 -22"><span class='ocrx_word' id='word_1_120' title='bbox 135 2366 291 2453; x_wconf 84' lang='lat' dir='ltr'><strong>grinando</strong></span> <span class='ocrx_word' id='word_1_121' title='bbox 309 2388 384 2431; x_wconf 89' lang='lat' dir='ltr'><strong>cum</strong></span> <span class='ocrx_word' id='word_1_122' title='bbox 396 2389 496 2433; x_wconf 85' lang='lat' dir='ltr'><strong>uxore</strong></span> <span class='ocrx_word' id='word_1_123' title='bbox 507 2368 658 2431; x_wconf 87' lang='lat' dir='ltr'><strong>etliberis</strong></span> <span class='ocrx_word' id='word_1_124' title='bbox 668 2368 842 2433; x_wconf 85' lang='lat' dir='ltr'><strong>admodum</strong></span> <span class='ocrx_word' id='word_1_125' title='bbox 851 2368 1082 2433; x_wconf 75' lang='lat' dir='ltr'><strong>delectabatur.</strong></span> <span class='ocrx_word' id='word_1_126' title='bbox 1099 2371 1166 2432; x_wconf 82' lang='lat' dir='ltr'><strong>llos</strong></span> 
     </span>
     <span class='ocr_line' id='line_1_17' title="bbox 135 2482 1163 2571; baseline 0.003 -26"><span class='ocrx_word' id='word_1_127' title='bbox 135 2482 223 2549; x_wconf 90' lang='lat' dir='ltr'><strong>enim</strong></span> <span class='ocrx_word' id='word_1_128' title='bbox 238 2502 364 2568; x_wconf 85' lang='lat' dir='ltr'><strong>semper</strong></span> <span class='ocrx_word' id='word_1_129' title='bbox 374 2482 496 2548; x_wconf 86' lang='lat' dir='ltr'><strong>itineris</strong></span> <span class='ocrx_word' id='word_1_130' title='bbox 514 2483 616 2547; x_wconf 86' lang='lat' dir='ltr'><strong>socios</strong></span> <span class='ocrx_word' id='word_1_131' title='bbox 629 2482 763 2563; x_wconf 86' lang='lat' dir='ltr'><strong>babuit,</strong></span> <span class='ocrx_word' id='word_1_132' title='bbox 781 2494 812 2548; x_wconf 88' lang='lat' dir='ltr'><strong>et</strong></span> <span class='ocrx_word' id='word_1_133' title='bbox 826 2482 906 2548; x_wconf 88' lang='lat' dir='ltr'><strong>adeo</strong></span> <span class='ocrx_word' id='word_1_134' title='bbox 922 2506 957 2547; x_wconf 88' lang='lat' dir='ltr'><strong>sc</strong></span> <span class='ocrx_word' id='word_1_135' title='bbox 971 2482 1090 2548; x_wconf 87' lang='lat' dir='ltr'><strong>babere</strong></span> <span class='ocrx_word' id='word_1_136' title='bbox 1104 2505 1163 2571; x_wconf 87' lang='lat' dir='ltr'><strong>on·</strong></span> 
     </span>
     <span class='ocr_line' id='line_1_18' title="bbox 134 2597 1164 2684; baseline 0.003 -25"><span class='ocrx_word' id='word_1_137' title='bbox 134 2597 232 2682; x_wconf 77' lang='lat' dir='ltr'><strong>pitit,</strong></span> <span class='ocrx_word' id='word_1_138' title='bbox 254 2607 290 2660; x_wconf 88' lang='lat' dir='ltr'><strong>ut</strong></span> <span class='ocrx_word' id='word_1_139' title='bbox 309 2599 377 2660; x_wconf 86' lang='lat' dir='ltr'><strong>aine</strong></span> <span class='ocrx_word' id='word_1_140' title='bbox 397 2598 435 2660; x_wconf 87' lang='lat' dir='ltr'><strong>iis</strong></span> <span class='ocrx_word' id='word_1_141' title='bbox 450 2599 502 2662; x_wconf 78' lang='lat' dir='ltr'><strong>six</strong></span> <span class='ocrx_word' id='word_1_142' title='bbox 521 2597 636 2682; x_wconf 87' lang='lat' dir='ltr'><strong>pedem</strong></span> <span class='ocrx_word' id='word_1_143' title='bbox 654 2609 742 2662; x_wconf 84' lang='lat' dir='ltr'><strong>extra</strong></span> <span class='ocrx_word' id='word_1_144' title='bbox 758 2600 880 2683; x_wconf 84' lang='lat' dir='ltr'><strong>patriae</strong></span> <span class='ocrx_word' id='word_1_145' title='bbox 897 2599 1002 2662; x_wconf 89' lang='lat' dir='ltr'><strong>solum</strong></span> <span class='ocrx_word' id='word_1_146' title='bbox 1018 2599 1164 2684; x_wconf 86' lang='lat' dir='ltr'><strong>prolatu·</strong></span> 
     </span>
     <span class='ocr_line' id='line_1_19' title="bbox 135 2713 1164 2800; baseline 0.004 -25"><span class='ocrx_word' id='word_1_147' title='bbox 135 2735 190 2776; x_wconf 86' lang='lat' dir='ltr'><strong>rus</strong></span> <span class='ocrx_word' id='word_1_148' title='bbox 200 2713 327 2794; x_wconf 77' lang='lat' dir='ltr'><strong>fnisset3</strong></span> <span class='ocrx_word' id='word_1_149' title='bbox 339 2714 447 2777; x_wconf 90' lang='lat' dir='ltr'><strong>animo</strong></span> <span class='ocrx_word' id='word_1_150' title='bbox 456 2715 541 2777; x_wconf 87' lang='lat' dir='ltr'><strong>enim</strong></span> <span class='ocrx_word' id='word_1_151' title='bbox 552 2713 592 2778; x_wconf 89' lang='lat' dir='ltr'><strong>ad</strong></span> <span class='ocrx_word' id='word_1_152' title='bbox 604 2715 805 2780; x_wconf 82' lang='lat' dir='ltr'><strong>suavissimos</strong></span> <span class='ocrx_word' id='word_1_153' title='bbox 815 2737 925 2782; x_wconf 76' lang='lat' dir='ltr'><strong>senem</strong></span> <span class='ocrx_word' id='word_1_154' title='bbox 935 2715 1101 2800; x_wconf 79' lang='lat' dir='ltr'><strong>explicito,</strong></span> <span class='ocrx_word' id='word_1_155' title='bbox 1113 2717 1164 2779; x_wconf 88' lang='lat' dir='ltr'><strong>in·</strong></span> 
     </span>
     <span class='ocr_line' id='line_1_20' title="bbox 134 2825 1164 2916; baseline 0.003 -27"><span class='ocrx_word' id='word_1_156' title='bbox 134 2825 244 2912; x_wconf 79' lang='lat' dir='ltr'><strong>digere</strong></span> <span class='ocrx_word' id='word_1_157' title='bbox 256 2849 402 2912; x_wconf 82' lang='lat' dir='ltr'><strong>prorsus,</strong></span> <span class='ocrx_word' id='word_1_158' title='bbox 417 2848 531 2892; x_wconf 20' lang='lat' dir='ltr'><strong>&#39;coram</strong></span> <span class='ocrx_word' id='word_1_159' title='bbox 547 2828 664 2915; x_wconf 87' lang='lat' dir='ltr'><strong>qulbus</strong></span> <span class='ocrx_word' id='word_1_160' title='bbox 682 2849 738 2898; x_wconf 87' lang='lat' dir='ltr'><strong>eos</strong></span> <span class='ocrx_word' id='word_1_161' title='bbox 752 2829 948 2909; x_wconf 82' lang='lat' dir='ltr'><strong>effunderet,</strong></span> <span class='ocrx_word' id='word_1_162' title='bbox 967 2829 1164 2916; x_wconf 76' lang='lat' dir='ltr'><strong>quibuscum</strong></span> 
     </span>
     <span class='ocr_line' id='line_1_21' title="bbox 76 2941 1164 3031; baseline 0.002 -25"><span class='ocrx_word' id='word_1_163' title='bbox 76 3010 78 3016; x_wconf 68' lang='grc'><strong>,</strong></span> <span class='ocrx_word' id='word_1_164' title='bbox 134 2963 198 3006; x_wconf 90' lang='lat' dir='ltr'><strong>una</strong></span> <span class='ocrx_word' id='word_1_165' title='bbox 215 2941 396 3022; x_wconf 85' lang='lat' dir='ltr'><strong>frueretur,</strong></span> <span class='ocrx_word' id='word_1_166' title='bbox 417 2944 585 3008; x_wconf 87' lang='lat' dir='ltr'><strong>carissimis</strong></span> <span class='ocrx_word' id='word_1_167' title='bbox 601 2944 745 3030; x_wconf 84' lang='lat' dir='ltr'><strong>cognatis</strong></span> <span class='ocrx_word' id='word_1_168' title='bbox 762 2944 938 3010; x_wconf 76' lang='lat' dir='ltr'><strong>videbatur.</strong></span> <span class='ocrx_word' id='word_1_169' title='bbox 960 2946 999 3016; x_wconf 87' lang='lat' dir='ltr'><strong>ln</strong></span> <span class='ocrx_word' id='word_1_170' title='bbox 1017 2946 1164 3031; x_wconf 85' lang='lat' dir='ltr'><strong>peregri-</strong></span> 
     </span>
     <span class='ocr_line' id='line_1_22' title="bbox 135 3055 1161 3145; baseline 0.002 -26"><span class='ocrx_word' id='word_1_171' title='bbox 135 3055 239 3120; x_wconf 85' lang='lat' dir='ltr'><strong>nando</strong></span> <span class='ocrx_word' id='word_1_172' title='bbox 249 3067 436 3121; x_wconf 85' lang='lat' dir='ltr'><strong>autemtnm</strong></span> <span class='ocrx_word' id='word_1_173' title='bbox 449 3059 656 3143; x_wconf 79' lang='lat' dir='ltr'><strong>cognitionis,</strong></span> <span class='ocrx_word' id='word_1_174' title='bbox 668 3080 767 3143; x_wconf 90' lang='lat' dir='ltr'><strong>quam</strong></span> <span class='ocrx_word' id='word_1_175' title='bbox 778 3059 865 3123; x_wconf 92' lang='lat' dir='ltr'><strong>domi</strong></span> <span class='ocrx_word' id='word_1_176' title='bbox 874 3081 972 3145; x_wconf 80' lang='lat' dir='ltr'><strong>aegre</strong></span> <span class='ocrx_word' id='word_1_177' title='bbox 983 3079 1161 3143; x_wconf 83' lang='lat' dir='ltr'><strong>compares,</strong></span> 
     </span>
     <span class='ocr_line' id='line_1_23' title="bbox 134 3150 1166 3260; baseline 0.002 -26"><span class='ocrx_word' id='word_1_178' title='bbox 134 3171 259 3235; x_wconf 73' lang='lat' dir='ltr'><strong>fructus</strong></span> <span class='ocrx_word' id='word_1_179' title='bbox 278 3170 442 3256; x_wconf 85' lang='lat' dir='ltr'><strong>spectabat</strong></span> <span class='ocrx_word' id='word_1_180' title='bbox 460 3172 563 3235; x_wconf 79' lang='lat' dir='ltr'><strong>varios</strong></span> <span class='ocrx_word' id='word_1_181' title='bbox 574 3199 592 3251; x_wconf 42' lang='lat'><strong>,¹</strong></span> <span class='ocrx_word' id='word_1_182' title='bbox 609 3183 678 3236; x_wconf 88' lang='lat' dir='ltr'><strong>tum</strong></span> <span class='ocrx_word' id='word_1_183' title='bbox 697 3173 795 3236; x_wconf 88' lang='lat' dir='ltr'><strong>animi</strong></span> <span class='ocrx_word' id='word_1_184' title='bbox 816 3195 834 3236; x_wconf 93' lang='lat' dir='ltr'><strong>e</strong></span> <span class='ocrx_word' id='word_1_185' title='bbox 855 3150 1062 3260; x_wconf 80' lang='lat' dir='ltr'><strong>quotidianae</strong></span> <span class='ocrx_word' id='word_1_186' title='bbox 1078 3173 1166 3237; x_wconf 77' lang='lat' dir='ltr'><strong>vitae</strong></span> 
     </span>
    </p>
   </div>
   <div class='ocr_carea' id='block_1_5' title="bbox 109 3284 1164 3826">
    <p class='ocr_par' dir='ltr' id='par_1_5' title="bbox 109 3284 1164 3826">
     <span class='ocr_line' id='line_1_24' title="bbox 134 3284 1161 3373; baseline 0.002 -24"><span class='ocrx_word' id='word_1_187' title='bbox 134 3285 289 3371; x_wconf 81' lang='lat' dir='ltr'><strong>angustiis</strong></span> <span class='ocrx_word' id='word_1_188' title='bbox 323 3284 444 3350; x_wconf 88' lang='lat' dir='ltr'><strong>firmins</strong></span> <span class='ocrx_word' id='word_1_189' title='bbox 476 3286 620 3372; x_wconf 84' lang='lat' dir='ltr'><strong>erigendi</strong></span> <span class='ocrx_word' id='word_1_190' title='bbox 648 3287 846 3373; x_wconf 77' lang='lat' dir='ltr'><strong>voluptatem</strong></span> <span class='ocrx_word' id='word_1_191' title='bbox 875 3298 908 3350; x_wconf 88' lang='lat' dir='ltr'><strong>et</strong></span> <span class='ocrx_word' id='word_1_192' title='bbox 935 3286 1119 3352; x_wconf 85' lang='lat' dir='ltr'><strong>utilitatem.</strong></span> <span class='ocrx_word' id='word_1_193' title='bbox 1133 3285 1161 3372; x_wconf 77' lang='lat'><strong>⁴)</strong></span> 
     </span>
     <span class='ocr_line' id='line_1_25' title="bbox 134 3399 1164 3486; baseline -0.001 -22"><span class='ocrx_word' id='word_1_194' title='bbox 134 3399 318 3486; x_wconf 77' lang='lat' dir='ltr'><strong>Accedebat</strong></span> <span class='ocrx_word' id='word_1_195' title='bbox 328 3402 503 3466; x_wconf 86' lang='lat' dir='ltr'><strong>multorom</strong></span> <span class='ocrx_word' id='word_1_196' title='bbox 514 3403 744 3486; x_wconf 81' lang='lat' dir='ltr'><strong>praestantium</strong></span> <span class='ocrx_word' id='word_1_197' title='bbox 756 3403 913 3480; x_wconf 81' lang='lat' dir='ltr'><strong>virorum,</strong></span> <span class='ocrx_word' id='word_1_198' title='bbox 926 3422 1073 3486; x_wconf 82' lang='lat' dir='ltr'><strong>quorum.</strong></span> <span class='ocrx_word' id='word_1_199' title='bbox 1083 3412 1115 3464; x_wconf 91' lang='lat' dir='ltr'><strong>et</strong></span> <span class='ocrx_word' id='word_1_200' title='bbox 1127 3403 1164 3464; x_wconf 93' lang='lat' dir='ltr'><strong>in</strong></span> 
     </span>
     <span class='ocr_line' id='line_1_26' title="bbox 134 3514 1164 3601; baseline 0 -23"><span class='ocrx_word' id='word_1_201' title='bbox 134 3514 320 3600; x_wconf 84' lang='lat' dir='ltr'><strong>disciplinas</strong></span> <span class='ocrx_word' id='word_1_202' title='bbox 345 3537 416 3580; x_wconf 89' lang='lat' dir='ltr'><strong>suas</strong></span> <span class='ocrx_word' id='word_1_203' title='bbox 434 3517 547 3580; x_wconf 89' lang='lat' dir='ltr'><strong>merita</strong></span> <span class='ocrx_word' id='word_1_204' title='bbox 563 3514 758 3601; x_wconf 87' lang='lat' dir='ltr'><strong>suspiciebat</strong></span> <span class='ocrx_word' id='word_1_205' title='bbox 780 3526 811 3578; x_wconf 87' lang='lat' dir='ltr'><strong>et</strong></span> <span class='ocrx_word' id='word_1_206' title='bbox 835 3515 1164 3583; x_wconf 84' lang='lat' dir='ltr'><strong>honorificentissimis</strong></span> 
     </span>
     <span class='ocr_line' id='line_1_27' title="bbox 134 3607 1161 3716; baseline 0.004 -24"><span class='ocrx_word' id='word_1_207' title='bbox 134 3629 235 3693; x_wconf 87' lang='lat' dir='ltr'><strong>literis</strong></span> <span class='ocrx_word' id='word_1_208' title='bbox 264 3629 441 3694; x_wconf 88' lang='lat' dir='ltr'><strong>identidem</strong></span> <span class='ocrx_word' id='word_1_209' title='bbox 469 3607 662 3710; x_wconf 82' lang='lat' dir='ltr'><strong>ornabatur,</strong></span> <span class='ocrx_word' id='word_1_210' title='bbox 704 3630 999 3716; x_wconf 84' lang='lat' dir='ltr'><strong>cognoscendorum</strong></span> <span class='ocrx_word' id='word_1_211' title='bbox 1031 3629 1161 3715; x_wconf 87' lang='lat' dir='ltr'><strong>cupido.</strong></span> 
     </span>
     <span class='ocr_line' id='line_1_28' title="bbox 109 3726 1163 3826; baseline -0.001 -17"><span class='ocrx_word' id='word_1_212' title='bbox 109 3726 235 3826; x_wconf 52' lang='lat' dir='ltr'><strong>&#39;Quia</strong></span> <span class='ocrx_word' id='word_1_213' title='bbox 260 3745 462 3810; x_wconf 84' lang='lat' dir='ltr'><strong>lleuadianae</strong></span> <span class='ocrx_word' id='word_1_214' title='bbox 480 3767 601 3810; x_wconf 85' lang='lat' dir='ltr'><strong>memor</strong></span> <span class='ocrx_word' id='word_1_215' title='bbox 620 3744 661 3808; x_wconf 92' lang='lat' dir='ltr'><strong>de</strong></span> <span class='ocrx_word' id='word_1_216' title='bbox 681 3745 827 3809; x_wconf 81' lang='lat' dir='ltr'><strong>Heereno</strong></span> <span class='ocrx_word' id='word_1_217' title='bbox 847 3746 1040 3824; x_wconf 88' lang='lat' dir='ltr'><strong>sententiae,</strong></span> <span class='ocrx_word' id='word_1_218' title='bbox 1064 3743 1163 3826; x_wconf 84' lang='lat' dir='ltr'><strong>hujus</strong></span> 
     </span>
    </p>
   </div>
   <div class='ocr_carea' id='block_1_6' title="bbox 139 3945 335 3954">
    <p class='ocr_par' dir='ltr' id='par_1_6' title="bbox 139 3945 335 3954">
     <span class='ocr_line' id='line_1_29' title="bbox 139 3945 335 3954; baseline -0.02 0"><span class='ocrx_word' id='word_1_219' title='bbox 139 3945 335 3954; x_wconf 51' lang='lat' dir='ltr'><strong>w*-</strong></span> 
     </span>
    </p>
   </div>
   <div class='ocr_carea' id='block_1_7' title="bbox 84 4047 598 4377">
    <p class='ocr_par' dir='ltr' id='par_1_7' title="bbox 84 4047 598 4377">
     <span class='ocr_line' id='line_1_30' title="bbox 171 4047 395 4112; baseline 0 -14"><span class='ocrx_word' id='word_1_220' title='bbox 171 4047 196 4112; x_wconf 82' lang='lat'><strong>1)</strong></span> <span class='ocrx_word' id='word_1_221' title='bbox 214 4050 395 4112; x_wconf 76' lang='lat' dir='ltr'><strong>lleijcnhagcn.</strong></span> 
     </span>
     <span class='ocr_line' id='line_1_31' title="bbox 170 4135 389 4200; baseline 0 -16"><span class='ocrx_word' id='word_1_222' title='bbox 170 4135 196 4200; x_wconf 80' lang='lat'><strong>2)</strong></span> <span class='ocrx_word' id='word_1_223' title='bbox 217 4137 389 4187; x_wconf 74' lang='lat' dir='ltr'><strong>’tdmeroord</strong></span> 
     </span>
     <span class='ocr_line' id='line_1_32' title="bbox 84 4205 598 4288; baseline 0 -15"><span class='ocrx_word' id='word_1_224' title='bbox 84 4205 598 4288; x_wconf 51' lang='lat' dir='ltr'><strong>&#39;ummnmem</strong></span> 
     </span>
     <span class='ocr_line' id='line_1_33' title="bbox 171 4310 395 4377; baseline -0.013 -15"><span class='ocrx_word' id='word_1_225' title='bbox 171 4310 196 4377; x_wconf 74' lang='grc'><strong>4)</strong></span> <span class='ocrx_word' id='word_1_226' title='bbox 215 4313 275 4362; x_wconf 76' lang='lat' dir='ltr'><strong>End.</strong></span> <span class='ocrx_word' id='word_1_227' title='bbox 293 4329 317 4376; x_wconf 89' lang='lat' dir='ltr'><strong>p.</strong></span> <span class='ocrx_word' id='word_1_228' title='bbox 337 4311 395 4360; x_wconf 75' lang='lat'><strong>275.</strong></span> 
     </span>
    </p>
   </div>
   <div class='ocr_carea' id='block_1_8' title="bbox 0 0 1442 5075">
    <p class='ocr_par' dir='ltr' id='par_1_8' title="bbox 0 0 1442 5075">
     <span class='ocr_line' id='line_1_34' title="bbox 0 0 1442 5075; baseline 0 0"><span class='ocrx_word' id='word_1_229' title='bbox 0 0 1442 5075; x_wconf 95' lang='lat' dir='ltr'><strong> </strong></span> 
     </span>
    </p>
   </div>
  </div>
 </body>
</html>
