2875 5075
601 516 645 577 63

113 687 163 750 vel
176 684 284 751 adhue
308 696 431 771 poterat
449 706 583 771 parare,
608 687 668 771 ipsi
686 686 854 752 videbatur
874 708 951 753 curn
971 688 1145 756 institutio·
1221 750 1223 755 .

111 800 161 865 nis
180 798 394 867 Academicaa
420 799 577 887 dignitate
597 811 633 865 et
653 801 789 866 consilio
808 823 967 889 pugnare.
1012 805 1085 885 Sic,
1108 816 1146 870 ut

111 913 174 979 hoc
192 924 283 993 utar,
308 936 345 979 ex
365 935 432 1001 quo
452 926 485 981 et
502 915 536 979 in
555 915 734 1001 Gymnasiis
759 918 874 981 nostris
892 916 1026 983 historia
1044 941 1146 985 accu-

111 1030 211 1095 ratius
232 1028 313 1093 tradi
330 1040 444 1116 coepta
464 1041 530 1095 erat
543 1042 579 1115 et·
590 1030 723 1095 meliora
739 1029 997 1097 adolescentibus
1013 1033 1145 1118 prodic-

110 1156 183 1209 rant
227 1142 412 1209 Euchiridia
449 1143 622 1224 historica,
663 1144 767 1230 major
792 1145 827 1209 in
856 1144 927 1229 ejus
962 1146 1080 1213 scholis
1104 1173 1145 1213 a·

12 1322 14 1327 .
111 1257 310 1324 nimadversa
337 1258 398 1324 luit
423 1258 621 1343 parsimonia.
635 1280 770 1340 eorum,
794 1273 879 1347 quae
904 1281 923 1323 e
948 1262 1147 1347 compendiis

30 1444 32 1451 ¹
110 1373 175 1459 peti
195 1382 332 1457 possent
360 1372 410 1439 ad
436 1372 598 1441 auditores
616 1376 803 1460 praesertim
821 1396 856 1441 aa
881 1374 1147 1442 accommodabat

110 1477 349 1555 communiumv
369 1488 535 1555 literarum
562 1487 650 1554 haud
666 1489 829 1575 ignaros,
862 1510 966 1577 qnos,
998 1491 1145 1556 criticam

109 1603 264 1669 adhibens
291 1602 456 1670 obrussam
475 1604 558 1683 reri,
588 1602 656 1686 jam
690 1626 789 1691 porro
809 1605 843 1669 in
870 1606 972 1691 ipsam
997 1606 1144 1693 gentium

110 1717 275 1784 historiam
290 1717 478 1801 iuduceret3
492 1730 536 1799 et,
556 1718 635 1784 licet
651 1719 684 1783 iu
695 1718 871 1806 discipulis
885 1720 946 1785 sibi
962 1742 1030 1785 esso
1046 1720 1145 1785 intel·

109 1834 227 1921 ligaret
243 1832 388 1899 rudiores
408 1834 601 1913 nonnullos,
626 1834 847 1921 rationemque
861 1834 984 1900 habere
999 1835 1144 1900 omnium

109 1959 293 2027 conaretur,
317 1969 398 2035 quos
417 1946 608 2013 Academica
625 1948 824 2013 institutione
835 1948 1054 2037 noniudiguos
1065 1971 1145 2014 con·

109 2074 227 2129 sturm:
249 2062 385 2129 firmiter
406 2074 514 2129 tamen
535 2063 688 2143 tenebat,
712 2085 748 2129 so
765 2064 842 2129 item
853 2084 973 2128 corona
984 2064 1142 2147 jurenmu

109 2178 207 2263 cingi,
239 2199 320 2264 quos
348 2178 469 2265 patriae
500 2177 673 2265 aliquando
702 2176 815 2245 decori
839 2188 873 2243 et
898 2177 1084 2262 adjumento
1110 2190 1145 2245 et

108 2292 266 2378 praesidio
283 2303 316 2357 et
337 2292 444 2359 robori
461 2293 531 2357 fore
551 2293 782 2379 suspicaretur.

150 2407 279 2488 Attuli,
314 2428 399 2495 quae
430 2419 463 2472 et
488 2407 623 2474 aliarum
652 2419 686 2472 et
710 2408 936 2474 historicarum
966 2408 1145 2494 praecipue

106 2520 294 2594 scholarum
316 2522 495 2587 ubertatem
520 2522 643 2588 auxisse
666 2522 829 2601 arbitror,
852 2520 1144 2607 undequofactum

106 2648 211 2723 puto,
247 2649 285 2734 ut
314 2635 473 2702 llensdius
508 2635 681 2702 historicae
702 2634 886 2700 scholaciu
905 2636 1007 2721 patria
1034 2647 1143 2701 nostra

106 2761 222 2816 auctor
240 2749 474 2816 celebraretur.
497 2749 619 2832 Quodsi
638 2750 787 2814 nonnulli
796 2749 943 2815 norahlo
961 2750 1143 2815 iurauerint

108 2864 257 2951 opinione
266 2864 436 2950 pauciora,
450 2866 550 2930 multa
567 2863 646 2930 adeo
659 2862 834 2948 ejusmodi,
845 2863 1141 2951 quaejamdudum

108 2980 168 3066 ipsi
179 2979 535 3065 autapracceptoribus
545 2978 812 3046 suisautaliunde
822 2992 1015 3066 acceperant
1025 2980 1141 3066 proba·

109 3105 300 3181 rerautquo3
314 3095 459 3180 cogitent
472 3093 520 3159 illi
529 3093 624 3160 aelian
634 3115 738 3179 ,quae
749 3103 824 3158 ante
839 3092 897 3158 hos
912 3095 1023 3180 viginti
1041 3096 1142 3180 quin-

14 3299 15 3302 *
108 3230 173 3296 que
183 3230 282 3274 annos
298 3230 315 3272 e
330 3207 511 3291 Trajoctina
532 3207 684 3273 historiae
698 3205 852 3272 cathedra
868 3208 1007 3292 primum
1022 3205 1141 3272 tradita

106 3323 229 3388 inerint
252 3333 284 3388 et
308 3323 437 3408 plenius
462 3321 539 3387 dein
568 3320 834 3407 emendatiusqus
859 3320 1011 3405 explicita
1040 3330 1140 3402 sunt,

107 3459 165 3524 per
185 3437 270 3503 hanc
289 3459 447 3504 annorum
461 3437 576 3508 seriem
601 3457 666 3500 non
695 3434 800 3501 surdis
819 3445 945 3500 cantata
962 3434 1072 3500 luisse.
1099 3434 1140 3499 ln

107 3551 221 3618 iisdem
232 3562 339 3620 autem
349 3552 376 3616 si
387 3552 469 3617 forte
482 3550 632 3636 discipuli
640 3571 754 3616 eorum
762 3550 954 3630 habeantur,
968 3550 1025 3637 qui
1034 3550 1140 3614 licus-

108 3665 161 3733 dio
178 3667 246 3732 sire
262 3677 445 3753 praesentes
463 3666 528 3729 sire
546 3665 693 3730 amentes
713 3665 868 3752 magistro
888 3664 937 3730 usi
954 3676 1053 3744 sunt,
1087 3664 1139 3728 his

15 3869 16 3876 ἵ
108 3781 260 3869 equidem
287 3779 408 3848 suadeo
436 3800 509 3846 suos
536 3778 653 3846 adeant
680 3790 917 3865 praeceptores.
952 3781 1024 3844 Non
1050 3780 1139 3863 enim

109 3894 244 3982 dubito,
273 3896 356 3982 quin
373 3915 559 3980 responsum
585 3893 682 3960 laturi
703 3895 768 3960 sint
793 3893 836 3958 ab
868 3893 1140 3958 excellentissimo

110 4031 243 4097 quoquo
263 4009 544 4096 simplicissimum.

150 4124 213 4189 Sed
231 4125 286 4189 hle
319 4146 381 4188 uon
412 4122 659 4190 subsistendum.
690 4123 811 4205 Quanti
841 4122 925 4186 enim
952 4121 1051 4186 refert
1071 4143 1137 4185 non

109 4239 212 4304 solum
226 4238 335 4328 quw,
355 4237 409 4302 sed
433 4237 607 4326 quo‘illud
627 4236 723 4303 modo
742 4259 871 4325 quoquo
888 4237 1035 4302 coasilio
1061 4257 1138 4302 cum
