2875 5075
764 544 829 611 202

277 720 452 807 principia,
485 738 568 807 qnae
594 719 702 807 detegi
727 722 762 784 in
787 721 936 784 universo
962 717 1104 805 possint,
1138 716 1306 782 attendere

277 836 413 902 volebat.
459 835 506 899 lle
532 854 617 920 aqua
640 844 671 899 et
698 833 835 920 plantis,
858 832 900 897 de
928 840 1004 897 atre
1031 843 1065 897 et
1080 831 1305 909 *animalibus

276 948 317 1013 de
333 951 409 1035 igno
431 959 463 1012 et
486 960 592 1029 terra,
617 947 657 1012 de
681 946 749 1012 sole
772 959 805 1012 et
821 958 991 1035 systemate
1012 956 1119 1010 nostro
1139 946 1236 1010 solari
1262 946 1308 1010 ita

276 1077 310 1120 se
332 1056 518 1121 locuturum
537 1054 661 1138 ajebat,
686 1066 723 1119 ut
748 1064 891 1139 pateret,
915 1074 992 1119 non.
1005 1052 1086 1139 quid
1113 1053 1155 1115 sit
1174 1053 1309 1116 um’rer·

169 1202 171 1206 ·
277 1191 366 1250 sum,
392 1169 447 1239 sed
482 1169 561 1255 quid
595 1170 751 1255 suspicari
782 1169 875 1233 nobis
899 1168 943 1231 ‹lo
969 1167 1137 1253 principiis
1166 1166 1237 1250 ejus
1267 1166 1309 1229 li-

276 1295 358 1352 ceat.
394 1285 432 1348 lo
459 1258 521 1349 hoc
544 1284 673 1348 sublimi
695 1294 884 1371 argumento
903 1281 1063 1347 Heusdius
1082 1282 1203 1347 ultimis
1225 1283 1309 1345 vitae

232 1406 236 1415 '
276 1398 389 1467 diebus
413 1410 480 1463 tota
500 1409 607 1463 mente
623 1398 776 1484 omnique
793 1397 987 1483 cogitatione
1002 1396 1076 1462 fuit.
1099 1398 1200 1464 Porro
1217 1406 1310 1460 vetus

276 1512 363 1578 haud
382 1513 528 1578 mittebat
545 1512 683 1598 duplicis
701 1513 977 1577 commentationis
995 1509 1183 1575 scribendae
1202 1512 1309 1575 consi-

277 1629 376 1708 lium,
389 1627 440 1711 cuj
445 1650 482 1693 us
494 1626 593 1691 alteri
612 1626 837 1691 Desideratum
851 1625 1062 1704 Ermum,
1075 1625 1206 1689 romuli
1216 1627 1311 1689 sesti

276 1741 400 1805 decim
419 1741 663 1829 philosophum
680 1736 705 1828 ¹)
735 1740 957 1805 celebraturus
983 1739 1024 1805 ad
1050 1739 1310 1805 Roterodamen-

170 1918 176 1933 ,
277 1876 343 1935 ses,
361 1856 445 1919 circs
464 1856 698 1935 suos,fuisset,
719 1855 820 1920 alteri
840 1875 915 1919 vero
935 1854 994 1919 Fr.
1006 1854 1311 1919 Hsmsterhssss'scm

278 1969 400 2035 babitu
415 1970 561 2049 soeculi,
578 1992 643 2057 quo
652 1969 801 2056 floruit,
820 1971 956 2033 ratione
966 1968 1116 2035 exhibere
1132 1971 1311 2034 constitue-

277 2094 336 2150 rat.
349 2080 376 2170 2)
411 2083 474 2148 Sed
493 2084 574 2149 haec
597 2084 701 2149 omnia
726 2084 889 2171 opusculo
907 2084 1027 2148 dicturi
1042 2085 1211 2149 fuissemus
1229 2104 1310 2169 prae

276 2198 429 2284 ampliore
448 2198 660 2265 Neerlandico
683 2220 800 2285 opere,
822 2198 915 2282 cujus
930 2196 1166 2263 confectionem
1183 2209 1309 2283 postre-

277 2315 335 2377 mis
354 2314 438 2377 vitae
455 2315 544 2377 annis
563 2332 759 2400 magnopere
774 2334 871 2377 curae
891 2312 1022 2391 habuit,
1042 2324 1075 2377 at
1093 2324 1218 2397 partem
1238 2324 1309 2377 tan-

276 2439 347 2491 tum
372 2439 502 2493 eatenus
528 2427 722 2492 elaboratam
743 2428 895 2514 reliquit,
918 2439 956 2491 ut
983 2425 1035 2490 edi
1063 2448 1154 2511 posse
1179 2425 1308 2491 videre·

277 2554 347 2608 tur:
372 2544 518 2631 intelligo
542 2541 700 2609 Scholom
723 2540 998 2629 Polybianom.¹)
1141 2519 1147 2526 Φ

321 2659 412 2740 Quae
438 2658 597 2723 Heusdius
625 2657 733 2723 adhuc
757 2660 926 2742 scripserat
953 2677 1067 2742 opera,
1096 2669 1221 2722 tantum
1242 2679 1308 2721 non

277 2775 382 2836 omnia
391 2774 518 2858 ponitus
530 2771 828 2837 cohaerebaot‘cum
841 2771 1059 2856 philosophia,
1068 2793 1175 2863 eoque
1183 2783 1309 2856 specta·

276 2887 371 2965 bant,
402 2895 438 2950 ut
465 2885 683 2971 philosophiae
710 2885 852 2950 studium
881 2886 922 2950 ad
939 2885 1236 2950 excellentissimam
1256 2907 1307 2949 re-

276 3001 414 3064 ferretur
431 2997 569 3063 homiois
580 2999 760 3065 utilitatem.
785 3001 912 3065 Interea
927 3012 1036 3079 erant,
1055 3001 1114 3086 qui
1125 3000 1307 3066 haecralde

275 3114 464 3202 probantes,
475 3113 581 3202 ipsum
598 3124 703 3178 tamen
716 3126 882 3201 rogarent,
898 3127 935 3180 ut
946 3115 980 3178 in
990 3113 1051 3180 hac
1062 3118 1310 3180 commentatio-

277 3251 352 3295 num
365 3228 611 3294 ordinandarum
624 3229 778 3294 facilitate
795 3229 960 3294 historiam
971 3251 1102 3316 qnoque
1112 3231 1305 3316 respiceret:

311 3515 337 3580 1)
355 3517 402 3564 llic
432 3517 523 3564 titulus
551 3517 654 3565 futurus
675 3517 784 3579 fuisset,
802 3517 851 3565 nisi
868 3519 922 3565 veri
942 3518 974 3565 sit
999 3505 1105 3566 similius
1115 3496 1203 3579 ,deum
1221 3524 1308 3582 postea

276 3605 355 3666 magis
376 3603 511 3652 inclinasse
528 3602 560 3651 sd
582 3602 744 3667 scriptionem
765 3603 845 3667 patrio
867 3612 982 3652 sermone
999 3603 1049 3653 hcc
1069 3603 1148 3652 titulo
1168 3603 1309 3654 edendam:
1359 3622 1363 3626 “

276 3691 434 3738 Dsss‘ders‘us
442 3691 584 3752 Erasmus,
599 3689 631 3738 tls
645 3691 767 3756 wysgssr
777 3690 824 3738 dar
837 3691 970 3739 sestisnds
984 3706 1069 3754 ussto,
1081 3689 1225 3756 gestisset.

308 3772 336 3824 2l
355 3775 439 3826 Frons
454 3776 648 3839 Hsosstsrbus's,
665 3776 697 3824 sle
710 3777 884 3826 Hollandselsa
899 3778 1035 3843 wt'jsgeer,
1047 3778 1077 3824 in
1092 3779 1163 3844 sijais
1173 3791 1259 3839 osuio,
1269 3777 1309 3824 rel

276 3863 374 3926 potius:
399 3863 525 3924 Fronpois
550 3863 732 3911 Hsmstorlsus's
752 3863 817 3910 dous
840 3878 886 3910 sos
909 3861 997 3911 ss's’ols.
1033 3863 1094 3911 llum
1112 3868 1227 3924 constat,
1253 3878 1311 3910 eum

275 3947 377 4010 multis,
390 3963 480 3996 norom
492 3949 524 3997 ab
534 3937 591 4013 ¹ipso
600 3947 748 4012 petentibus
754 3949 1034 3998 llemsterbusianorum
1042 3964 1149 4013 operum
1157 3949 1312 4011 editionem,

276 4033 376 4080 tandem
400 4034 545 4083 satisfacere
566 4033 718 4085 decrevisse.
759 4035 820 4083 Tum
835 4039 921 4084 autem
937 4051 1007 4084 suam
1022 4035 1221 4100 disputationem
1234 4036 1313 4084 Fran-

277 4117 332 4166 cice
345 4119 463 4183 scriptam
479 4120 584 4169 editioni
609 4120 791 4184 praemissurus
808 4121 906 4170 fuisset.
944 4142 947 4147 ·

310 4198 336 4262 3)
354 4205 394 4250 De
412 4206 504 4255 Scbool
521 4222 570 4254 oon
593 4207 717 4270 Polybius
736 4207 766 4266 eff
780 4207 990 4256 Goscbs'rdlrasods
1013 4223 1073 4256 soor
1090 4209 1122 4256 de
1141 4207 1310 4272 segontiensis

277 4288 302 4335 Ε
306 4301 370 4335 suso.
