2875 5075
762 517 825 578 194

276 709 339 753 non
358 698 486 753 unium
499 698 542 751 et
561 688 733 753 Aristotele
753 690 838 775 ugit,
863 709 976 752 rerum
1005 686 1086 773 quid
1112 688 1310 753 inPlatoue

184 808 191 817 '
275 793 473 867 desideretur
497 804 643 888 exponit,
670 814 822 889 tantaque
851 804 1012 868 rationum
1041 801 1192 865 varietate
1215 824 1312 866 suam

274 917 463 1003 comprobat
490 917 698 996 sententiam,
722 928 759 981 ut
787 918 971 1004 longissime
991 917 1135 1001 prolecto
1162 940 1181 980 a
1205 919 1309 983 coeco

274 1030 462 1095 deliciarum
488 1053 617 1096 suarum
646 1054 753 1097 amore
776 1033 888 1097 abesse
908 1031 1065 1096 videatur,
1103 1034 1195 1096 llanc
1223 1032 1309 1095 lihe-

274 1145 393 1238 rimem
408 1144 578 1229 judicandi
597 1168 759 1227 normam,
780 1147 875 1231 cujus
889 1146 982 1211 initia
1001 1148 1125 1229 tantum
1148 1146 1225 1209 alibi
1251 1152 1308 1210 ress

273 1261 464 1346 periunlur,
483 1261 579 1325 unice
597 1262 741 1327 tribuere
761 1262 981 1347 progressibus
998 1262 1033 1323 in
1043 1259 1155 1327 'studio'
1164 1248 1306 1325 Platonis

265 1376 397 1439 interea
426 1375 518 1439 lactis
539 1374 690 1461 equidem
712 1378 777 1439 n'on
795 1376 915 1474 apsim3
947 1391 1063 1439 rerum
1080 1376 1180 1439 alium
1199 1378 1308 1461 suspi-

275 1500 350 1568 cor,
375 1490 433 1575 qui
453 1489 664 1575 paulo'altiu's
688 1490 793 1568 latet,
805 1491 946 1569 sontem,
961 1477 999 1553 'et
1017 1489 1307 1575 huucs'perolore

275 1615 312 1669 ut
331 1626 395 1669 nou
416 1605 510 1668 insiti
530 1604 702 1691 aliquando
721 1609 850 1669 mecum
867 1604 983 1669 adeant
998 1604 1146 1670 lectores.
1245 1632 1249 1637 ’

318 1720 379 1786 vix
402 1720 485 1805 typis
514 1718 657 1783 mandati
674 1719 967 1783 <Choruotm‘emi
985 1728 1097 1797 erant,
1132 1741 1234 1805 quum
1264 1720 1305 1783 iis

273 1832 412 1897 describi
441 1836 600 1917 coeptum.
619 1845 667 1897 est
691 1832 841 1898 ultimum
865 1830 1004 1897 Sekoloo
1027 1831 1222 1897 Socraticae
1249 1855 1305 1927 vo-

273 1948 401 2025 lumen,
427 1946 520 2029 cujus
556 1968 676 2031 paucas
705 1958 830 2011 tantum
858 1947 1005 2033 plagulas
1027 1946 1186 2031 Hensdius
1211 1949 1304 2029 prelo

273 2060 424 2125 eireuntes
443 2061 542 2141 vidit,
567 2062 725 2148 reliquam
746 2061 894 2126 editionis
911 2082 1041 2140 curam,
1066 2072 1193 2126 mortuo
1213 2062 1301 2147 ipso,

274 2188 484 2263 susceperunt
516 2177 655 2262 cognati.
698 2176 779 2262 Agis
806 2175 889 2240 illud
914 2176 959 2239 de
985 2176 1217 2262 metaphysica»,
1241 2198 1303 2241 uec

272 2302 441 2377 propterca
464 2290 532 2354 hoc
561 2289 691 2355 demum
720 2266 793 2355 loco
820 2300 1032 2368 memoratur,
1058 2291 1136 2375 quia
1163 2292 1209 2355 sic
1239 2292 1304 2356 fert

272 2404 424 2491 temporis
445 2404 533 2469 ordo.
568 2406 662 2469 Hunc
681 2406 790 2489 prouti
810 2405 846 2466 in
865 2405 1059 2468 Initioru'm
1087 2404 1303 2469 voluminibus

271 2520 484 2586 memorandis
503 2520 614 2600 omisi,
636 2520 680 2584 ita
698 2518 754 2584 hlc
781 2518 956 2584 omisissem
974 2519 1127 2599 fortasse,
1144 2519 1206 2583 nisi
1228 2543 1301 2606 gra-

272 2637 341 2700 vior
374 2635 517 2720 ejusdem
546 2634 693 2699 servandi
720 2655 817 2699 causa
844 2635 965 2698 luisset.
1008 2634 1072 2698 Sed
1098 2656 1174 2698 cum
1206 2657 1302 2721 supe-

272 2753 356 2816 riore
377 2772 473 2836 opere
499 2749 553 2814 hio
573 2750 726 2814 cohaeret
741 2749 835 2815 liher.
866 2752 919 2814 'Ac
937 2761 1104 2834 praeterea
1123 2761 1193 2829 est,
1213 2750 1302 2836 quod

272 2863 456 2943 credamus,
475 2863 683 2928 instauratam
703 2862 919 2949 complurium
935 2864 1300 2950 rerum-inquisitionem

271 2990 303 3043 et
316 2955 575 3056 meditationem,
601 2997 698 3062 quam
716 2977 1220 3062 Chorocterr'smilpos‘tulahant,
1243 2998 1302 3042 ra·
1418 2983 1426 2988 '

270 3096 401 3159 lituram
417 3112 549 3179 quoque
568 3091 665 3157 luisse
685 3091 920 3156 adHeurdiide
939 3092 1157 3179 metaphysica
1176 3094 1301 3178 opinio·

269 3231 326 3274 nes
338 3206 591 3295 perpurgandas.
616 3208 653 3271 ln
670 3208 728 3287 iis,
741 3228 825 3294 quae
836 3207 905 3272 illic
922 3207 972 3272 de
982 3208 1121 3290 Platonis
1134 3220 1167 3272 et
1177 3208 1299 3273 Aristo·

270 3324 341 3418 telis
357 3320 540 3387 discrimine
560 3333 731 3386 monentur
750 3323 827 3386 etin
842 3322 930 3404 huno
945 3323 1051 3408 ipsum
1065 3323 1300 3389 transferuntur

269 3436 409 3516 librum,
433 3437 528 3502 haud¹
551 3458 653 3522 pauca
681 3437 771 3515 sunt,
797 3458 936 3522 quorum
964 3438 1137 3524 perspicua
1167 3438 1300 3523 quidem

268 3551 388 3615 mentio
416 3551 511 3613 simili
541 3551 736 3616 Inisierum
763 3551 836 3616 loco
864 3551 1007 3618 noudum
1040 3562 1150 3617 exstat.
1158 3551 1184 3638 ¹)
1226 3554 1299 3634 Quo

151 3706 153 3712 -
269 3678 413 3750 tempore
431 3664 590 3730 fleusdius
616 3665 908 3752 Emyclopoeds'oe
923 3665 988 3730 fine
1001 3667 1195 3753 quaerehatr
1214 3665 1301 3754 quid

270 3795 321 3846 est
340 3779 600 3866 onetapltysr'eo?
623 3791 747 3845 constat
772 3801 847 3844 eum
863 3780 998 3846 dubium
1016 3780 1124 3848 adhuc
1143 3780 1297 3860 haesisse,

264 3895 349 3982 quid
366 3896 436 3981 ipsa
455 3907 554 3976 esset,
580 3916 744 3982 quemque
769 3894 831 3960 sihi
847 3896 883 3960 in
908 3894 1163 3983 Encyelopaedia
1189 3894 1297 3961 locum

278 4117 476 4126 ——ss

301 4261 326 4326 1)
346 4264 406 4312 luit.
426 4264 466 4326 ll,
485 4261 514 4326 3,
537 4263 568 4311 61
589 4281 645 4328 sqq.
