2875 5075
726 470 823 579 ‘aa

284 703 347 755 tarn
382 690 509 754 nomine
543 708 616 753 eum
655 686 787 753 demum
816 690 1026 775 insignimus,
1058 689 1111 752 oui
1140 710 1239 753 umor
1265 701 1312 753 est

282 804 458 869 doctrinae.
483 803 528 866 Eo
546 822 602 865 nos
620 822 729 865 omnes
741 801 911 889 conjungi,
924 822 999 865 cnm
1010 822 1210 866 communem
1223 804 1311 867 robis

282 916 478 983 discentibus
500 928 531 980 et
556 916 633 979 nihi
656 915 786 980 docenti
806 936 874 979 esse
903 926 1039 1001 oportet.
1085 916 1233 981 Ceterum
1252 916 1312 981 du·

282 1032 356 1117 pler
375 1031 430 1095 blo
452 1030 545 1095 video
563 1029 746 1095 auditorum
769 1050 887 1115 genus,
911 1029 1048 1101 alterum
1071 1040 1309 1109 veteranorum,
1384 1085 1388 1093 .

283 1146 474 1210 noricorum
492 1143 639 1209 alterurn.
684 1142 824 1222 Novitii,
845 1145 878 1209 ni
897 1143 1013 1222 fallor,
1037 1144 1148 1210 laeiles
1166 1166 1200 1207 se
1219 1165 1312 1230 prae·

281 1260 403 1324 bebunt
425 1260 600 1337 veteranis,
617 1269 654 1323 ut
671 1258 845 1323 laudabilia
869 1277 983 1323 eorum
1007 1257 1151 1344 exempla
1169 1278 1313 1343 sequan-

283 1386 356 1453 tur,
382 1394 441 1437 nec
461 1374 564 1438 minus
583 1373 726 1437 moribus
744 1393 841 1458 quam
857 1373 1079 1458 progressibus
1097 1394 1132 1436 se
1147 1392 1314 1436 cammen-

282 1488 374 1554 dent.
397 1488 460 1552 Sed
469 1487 542 1551 ideo
553 1496 776 1551 veteranorum
790 1508 922 1573 quoque
934 1487 1016 1566 erit,
1030 1486 1148 1572 optima
1164 1487 1312 1571 exempla

281 1624 480 1689 proponere,
501 1614 725 1666 veteranorum
743 1602 816 1680 erit,
829 1602 963 1665 cautim
973 1601 1089 1683 juvare
1099 1602 1133 1663 in
1144 1600 1312 1665 literarum

282 1716 394 1781 studiis
415 1717 515 1796 et,·si
541 1720 620 1800 opus
649 1726 714 1793 est,
739 1714 913 1779 defendere
936 1710 1088 1779 adsersus
1107 1714 1234 1799 quosvis
1255 1736 1313 1800 ag·

283 1852 463 1917 gressuros,
492 1840 715 1894 veteranorum
742 1828 821 1908 erit,
856 1850 970 1893 msere
998 1850 1038 1893 nc
1062 1828 1199 1913 strepitu
1220 1840 1313 1892 reso*-
1344 1835 1346 1840 '

282 1955 362 2008 nent
383 1944 541 2009 auditoria
567 1938 892 2029 antequam'scholae
920 1943 1092 2010 habentur.
1131 1943 1211 2007 Nam
1232 1942 1311 2007 mibi

282 2058 412 2143 quidem
446 2058 663 2123 suavissimum
698 2076 822 2141 semper
850 2056 989 2136 accidit,
1020 2056 1109 2143 quod
1139 2057 1310 2121 honestum

282 2182 330 2236 est
349 2183 380 2236 et
406 2172 571 2238 decorum.
604 2170 850 2236 Humanitatis
867 2170 1068 2257 disciplinam
1088 2147 1309 2237 tractabimus.

282 2286 346 2354 Vos
360 2295 479 2365 autem,
493 2286 556 2349 sire
575 2288 715 2350 veterani
733 2286 799 2349 sire
816 2286 941 2363 novitii,
961 2306 1013 2348 me
1027 2284 1185 2351 babebitis
1198 2286 1310 2350 cuncti

281 2400 481 2482 adjutorem,
505 2401 675 2466 fautorem.
723 2401 802 2464 Nam
821 2401 924 2464 fateor
939 2400 1091 2485 publice,
1125 2400 1220 2463 vitam
1240 2420 1310 2463 me-

281 2537 332 2579 am
362 2525 459 2580 totam
487 2513 701 2580 studiosorum
729 2512 945 2580 emolumento
973 2525 1004 2579 et
1028 2514 1125 2579 saluti
1142 2511 1307 2599 impendi3

283 2651 415 2716 quoque
433 2623 547 2695 melius
564 2629 627 2694 boc
644 2629 723 2694 mihi
741 2627 912 2715 procedat,
945 2650 983 2693 eo
1007 2605 1193 2694 feliciorem·
1204 2650 1310 2693 meam

284 2743 362 2808 mibi
385 2745 480 2808 vitam
500 2744 601 2808 fore.»
652 2775 654 2783 ·

327 2858 382 2922 llis
411 2858 514 2922 verbis
544 2856 756 2942 condiscipuli
785 2857 868 2936 mei,
900 2869 991 2923 certo
1013 2858 1096 2938 seio,
1128 2879 1311 2942 expressam

282 2972 392 3036 dicent
409 2972 591 3038 interiorem
615 2970 816 3035 Heusdianae
834 2971 1042 3036 institutionis
1069 2973 1214 3039 formam.
1249 2974 1313 3036 lde·

286 3085 419 3151 thodum
447 3086 640 3151 Socraticam
667 3085 828 3150 referebat
842 3087 899 3150 illa
918 3098 951 3150 et
972 3086 1125 3172 singulari
1146 3087 1312 3152 nitebatur

285 3223 375 3287 erga.
391 3199 565 3286 discipulos
597 3218 713 3264 amore.
758 3201 855 3265 Nabis
878 3221 1102 3287 quaecumque
1123 3199 1311 3287 diligentis-

283 3317 382 3380 simus
402 3327 590 3401 praeceptor
608 3315 758 3400 prodesse
777 3315 1011 3394 arbitrabatur,
1037 3314 1200 3380 cumulate
1215 3335 1311 3399 prae-
1369 3356 1372 3363 -

285 3430 399 3496 stabat.
430 3429 581 3494 Nostrum
615 3446 897 3516 unumquemque,
938 3429 1001 3494 boc
1028 3428 1161 3514 quidem
1189 3427 1312 3492 bonore

284 3563 349 3606 non
373 3542 563 3629 indignum,
599 3543 732 3609 comiter
763 3543 924 3629 excipiens
956 3554 988 3606 ct
1005 3543 1104 3607 omni
1129 3542 1311 3607 officiorum

285 3634 402 3742 genere
416 3655 531 3740 jurans
543 3705 551 3736 ‚
564 3657 656 3721 lactis
679 3658 774 3721 etiam
785 3656 990 3736 ostendebat,
1011 3656 1313 3721 snossibialumnos

285 3791 383 3835 curae
411 3770 566 3856 cordique
595 3793 684 3851 esse,
718 3790 824 3857 neque
853 3792 886 3834 se
911 3769 994 3834 illud
1020 3781 1169 3856 tempus,
1199 3769 1311 3856 quod,

285 3884 538 3971 generosissimis
560 3886 701 3950 muneris
723 3884 986 3969 occupationibus
1007 3883 1210 3963 detractum,
1235 3905 1312 3969 pro-

285 3999 361 4083 priis
373 3997 485 4062 studiis
496 3998 693 4079 vindicaret,
717 4000 751 4061 in
769 3999 861 4063 luero
878 4009 1013 4084 putare,
1031 3997 1099 4077 sed,
1119 3996 1318 4084 quoddisci-

284 4111 368 4196 pulis
398 4134 472 4178 cum
502 4135 632 4178 suarum
660 4112 740 4178 adeo
763 4110 892 4195 jactura
910 4111 1062 4177 horarum
1079 4111 1190 4176 datum
1213 4122 1317 4193 esset,

287 4225 404 4307 optimc
433 4226 612 4310 impensum
639 4247 778 4293 censere.
822 4225 944 4290 liornrn
966 4237 1075 4292 autem
1092 4225 1132 4292 ad
1148 4226 1318 4313 praeclara
