2875 5075
755 530 821 597 teo

273 718 327 775 tur
341 705 516 786 lleusdius,
536 702 705 769 videbatur
723 703 786 768 sihi
801 705 903 791 ipsius
914 712 1082 767 secuturus
1099 722 1168 767 esse
1180 701 1307 789 ingenii

272 821 430 888 Platonici
449 820 485 883 in
502 815 757 907 philosophando
772 818 1041 904 progressionem.

317 936 378 1003 llic
388 934 522 1021 simplex
534 944 581 998 est
596 944 797 1019 naturaeque
807 952 988 1018 congruens
1001 928 1196 995 Initiorssm
1205 930 1306 1010 ordo,

273 1049 315 1116 ad
345 1068 444 1136 quem
473 1046 701 1130 reperiuudum
732 1044 1021 1132 wyttenbachium
1046 1044 1188 1111 Hemdio
1217 1043 1308 1110 haud

273 1184 389 1249 purum
407 1162 563 1249 profuisse
581 1162 764 1247 suspicatur
780 1160 914 1223 fortasse
931 1179 1034 1223 nemo.
1065 1159 1165 1237 llam,
1184 1179 1227 1223 ne
1243 1160 1308 1224 alia

274 1297 471 1357 memorem,
494 1278 545 1341 vel
576 1276 674 1341 verba
701 1274 790 1339 illius
814 1274 850 1337 iu
873 1273 1015 1359 Epistola
1038 1272 1080 1339 sd
1107 1272 1306 1359 discipulum

274 1389 358 1457 huuc
386 1391 567 1477 impediunt
588 1388 822 1476 suspicionem,
845 1388 880 1453 id
904 1389 1046 1475 quippe,
1080 1388 1221 1454 Platonis
1249 1390 1307 1452 in-

275 1504 443 1593 telligendi
473 1506 595 1593 petis,
625 1503 737 1569 tuturo
751 1504 928 1590 interpreti
960 1503 1205 1588 praecipientis,
1241 1513 1304 1567 out

275 1630 340 1685 tres
372 1620 524 1707 antiquae
555 1618 777 1705 philosophiae
805 1629 912 1704 partes
938 1608 1134 1705 distinguet,
1168 1628 1202 1681 et
1226 1617 1306 1683 uni·

276 1736 396 1821 cuique
415 1756 510 1799 suum
528 1733 746 1820 ncproprium
764 1732 820 1798 det
837 1732 962 1813 locum,
977 1733 1131 1819 Legisse,
1146 1731 1305 1812 *llthicam

276 1848 444 1935 Physicae,
455 1848 681 1935 subjectasque
690 1848 826 1935 singulis
836 1858 942 1933 partes
952 1846 1129 1914 moerore.
1141 1847 1223 1912 Tum
1234 1847 1308 1911 Pla-

277 1963 360 2028 tenis
371 1961 480 2025 -ille
493 1962 607 2049 'pergit
626 1996 668 2009 -
685 1961 727 2026 de
745 1948 961 2047 philosophie
972 1962 1144 2026 sententias
1161 1979 1308 2047 quasque

277 2078 311 2143 in
335 2076 392 2142 hos
419 2077 507 2143 locos
533 2075 660 2166 digeret
682 2078 862 2163 interpres:
886 2076 1018 2161 expletis
1044 2075 1180 2163 singulis
1205 2076 1305 2154 locis,

279 2192 451 2257 sententias
476 2191 570 2257 iniis
590 2202 712 2257 notatas
734 2192 819 2255 inter
837 2210 872 2254 se
889 2189 1107 2275 comparabit,
1127 2188 1307 2270 ordinabit,
1420 2241 1421 2244 ,

192 2305 211 2369 .’
279 2316 312 2370 et
325 2303 367 2371 ad
385 2304 557 2392 quemdam
575 2304 741 2371 doctrinae
757 2305 913 2372 tutionem
923 2303 1080 2391 disponet.
1091 2324 1110 2367 n
1123 2301 1152 2391 ¹)
1177 2304 1304 2386 Quibus

280 2418 360 2509 quid
380 2420 516 2485 alienius
543 2421 585 2486 eb
612 2418 795 2486 Heusdiaua
820 2418 1053 2505 interpretandi
1078 2418 1156 2485 rial
1195 2419 1309 2505 lleque
1383 2487 1387 2492 ,

280 2547 387 2602 tamen
416 2555 480 2601 nen
507 2557 581 2604 vera
606 2547 655 2601 est
686 2557 744 2615 ea,
778 2556 877 2621 quam
904 2534 1016 2621 attigi,
1041 2533 1204 2626 suspicior
1237 2534 1311 2621 lpse

279 2651 365 2715 euim
384 2649 563 2730 lleusdius,
587 2652 614 2715 si
636 2651 770 2715 alteram
789 2650 983 2716 Initiorssm
999 2650 1178 2714 editionem
1193 2670 1312 2736 parare

279 2765 453 2850 potuisset,
484 2765 518 2828 in
540 2765 682 2850 Epistola
709 2764 751 2828 ad
768 2764 924 2843 Baln'um,
952 2775 1093 2828 veterem
1117 2764 1262 2829 amicum
1280 2773 1314 2828 et

280 2876 521 2965 Wyttenbuchii
549 2876 765 2962 discipulum,
797 2897 895 2964 quam
919 2879 1125 2964 praemittere
1153 2863 1312 2942 'volumini

281 2989 423 3056 secundo
450 2990 656 3071 decreverat,
680 2989 761 3056 haec
786 2992 964 3078 scripturus
985 2993 1115 3058 luisset:
1145 2992 1313 3078 -·Equi-

280 3104 355 3170 dem
377 3105 412 3168 in
430 3103 571 3190 paranda
589 3104 650 3169 hac
669 3104 865 3171 Initiorum
885 3105 1193 3172 meorumeditione
1205 3109 1313 3191 'saepe

280 3219 426 3286 ordinem
445 3221 573 3307 cogito,
597 3241 662 3308 quo
681 3221 880 3286 Platonicam
894 3220 1130 3308 philosophiam
1151 3235 1313 3307 exponere

280 3334 400 3400 studui.
442 3335 621 3422 Acceptum
651 3334 740 3400 huuc
761 3336 867 3402 refero
894 3335 1162 3424 Wytteuhochic,
1196 3346 1312 3424 quim·

281 3467 378 3534 qinom
396 3450 464 3532 ipse
491 3470 566 3514 eum
592 3469 655 3514 uon
685 3461 815 3516 secutus
844 3461 903 3516 est.
945 3452 1026 3516 llem
1043 3451 1112 3516 tibi
1139 3443 1310 3518 euarrubo.

281 3561 350 3648 Ege
362 3560 524 3627 assiduam
541 3564 667 3628 Platoni
685 3584 815 3651 operam
833 3584 967 3644 navans,
996 3564 1142 3630 ordinem
1162 3564 1312 3629 volebam

282 3684 314 3740 et
326 3675 431 3740 omnia
441 3675 523 3742 bene
538 3678 664 3758 unctu,
688 3690 824 3768 systema
841 3679 986 3746 volebam
1005 3680 1194 3745 Platonicae
1203 3679 1312 3765 phile·

282 3790 427 3877 sop‘hiae:
441 3792 558 3872 atille,
578 3791 728 3858 <svide—
739 3795 848 3882 iuquit
858 3829 899 3842 —-
909 3803 1001 3859 tuum
1012 3796 1311 3863 oePlstoniohtru⁶

281 3904 337 3970 dos
354 3917 489 3994 systema
501 3927 542 3970 :o
566 3919 638 3993 post
653 3908 689 3972 in
709 3909 901 3976 contrariam
918 3909 1047 3974 abib‘sm
1068 3921 1195 3996 purtem·
1211 3920 1252 3974 'et
1270 3909 1313 3974 uh

318 4261 343 4328 1)
361 4265 388 4315 ι».
406 4267 541 4319 xxxvur.
