2875 5075
474 576 477 581 '
601 562 661 626 13⁷

115 736 202 800 omni
233 744 405 823 systemate
432 734 579 814 alienus,
603 734 773 821 separatim
787 734 897 821 legere
912 734 1056 822 singulos
1072 732 1142 801 dia·

114 850 204 936 logos
223 849 370 914 volebam
385 861 483 935 prout
497 849 621 915 fabulas
636 847 840 935 Euripidem:
860 848 894 914 id
908 848 1139 929 ille'laudans,

113 963 253 1028 addebat
283 975 408 1043 tarum,
441 965 558 1029 «Plato
579 963 788 1050 philosophus
804 972 890 1042 erat,
925 963 997 1028 vide
1016 984 1058 1028 ne
1074 962 1141 1029 hnc

113 1078 194 1142 illuc
213 1098 319 1157 erres,
337 1078 398 1142 iter
408 1079 497 1143 coeci
509 1080 576 1143 sine
587 1078 766 1145 dialectica.
777 1100 795 1141 u
808 1078 862 1143 Sic
870 1098 960 1142 mette
970 1098 1020 1142 me
1028 1078 1144 1144 Socra·

115 1203 161 1256 tes
170 1191 211 1257 ad
220 1194 360 1256 mentem
370 1193 597 1258 intendendam
608 1194 768 1280 erigebat.'
779 1191 921 1257 Tandem
932 1184 1078 1278 «εὕρηκα
1086 1194 1098 1272 ,’
1106 1230 1143 1243 -

113 1306 247 1393 inquam
266 1306 354 1371 -in
373 1310 435 1372 tuis
449 1306 689 1394 philosophiae
705 1306 852 1395 logices
870 1306 1072 1395 Praeceptis
1091 1307 1142 1369 in-

14 1504 16 1527 s
113 1420 185 1483 veni
197 1418 432 1506 philosophiam
449 1421 536 1502 veri,
555 1420 788 1508 philosophiam
796 1421 892 1501 boni,
907 1418 1142 1506 philosophiam

14 1536 15 1555 ¹
113 1524 237 1611 pulcri:
252 1523 276 1612 ι)
300 1527 485 1615 pariterque
507 1550 546 1594 eo
571 1528 673 1595 ducor
688 1528 840 1595 Oratione
859 1541 915 1594 tua
932 1524 1142 1616 de'eossjuste·

115 1642 207 1705 tione
233 1638 475 1728 philosophiae
504 1664 581 1739 eum
596 1652 600 1663 ’
616 1640 813 1731 litorium)
848 1642 947 1729 ohgo
974 1642 1141 1729 igitur·=-·

113 1758 312 1843 ajebat-da
327 1756 406 1823 mihi
427 1756 662 1844 philosophiam
680 1758 787 1844 pulcri
808 1757 1015 1824 Platonicam}
1027 1778 1045 1820 a
1058 1752 1086 1843 ⁸)
1100 1794 1142 1809 -

113 1875 345 1942 Admirabilem
367 1874 463 1939 unius
482 1873 568 1939 edati
587 1875 665 1954 vim,
691 1872 733 1938 ad
749 1872 837 1960 quod
855 1871 1094 1959 susdpienduin
1109 1882 1143 1939 et

13 2070 14 2079 ἵ
111 1992 303 2057 servandum
315 2000 347 2055 et
362 1989 439 2055 boni
450 1987 578 2053 seminis
595 1989 694 2053 instar
709 1987 882 2053 fovendum
899 1985 988 2053 mens
1011 1986 1144 2053 estidoss

13 2098 16 2135 ³
112 2101 1143 2191 neatConsiliiamplitudinemnonomninoceperitWyttenba·

13 2270 14 2277 κ
112 2218 224 2301 chiue3
246 2239 312 2308 quo
333 2229 441 2284 tamen
458 2218 528 2305 ipse
546 2214 634 2283 haud
653 2216 806 2298 accessit,
831 2238 869 2282 eo
892 2215 1143 2302 ut'discipulus‚·
1241 2265 1245 2273 .

13 2420 14 2429 ἵ
111 2334 236 2399 crebris
254 2334 344 2398 illiue
361 2331 402 2398 de
421 2333 537 2420 pulcro
560 2344 593 2403 et
612 2332 762 2413 sublimi,
785 2331 827 2398 de
844 2341 1007 2404 amore'et
1027 2332 1143 2397 amoris

113 2437 350 2529 ἕνθουσιασμῷ
361 2448 564 2512 sermonibus
572 2445 596 2534 ⁸)
609 2446 755 2531 adjutus,
767 2448 949 2533 perveniret
959 2444 1143 2532 aliquando,

12 2539 14 2580 ³
109 2561 254 2625 m‘ultum
283 2561 415 2646 proluit.
462 2561 501 2625 ld
526 2560 685 2626 lleusdius
714 2582 778 2623 non
803 2561 910 2626 statim
934 2559 1078 2646 quidem
1092 2562 1143 2625 in·

109 2673 255 2754 tullerit,
269 2695 305 2738 er
318 2695 385 2761 quo
390 2674 516 2758 justum
526 2676 666 2741 Platonis
685 2675 871 2761 explicandi
882 2673 1027 2739 ordinem
1037 2676 1144 2742 unium

12 2785 14 2864 l
111 2799 316 2872 conceperat.
357 2789 452 2854 Hunc
472 2779 592 2855 'contra
620 2789 765 2855 ordinem
790 2789 883 2854 initio
913 2810 995 2859 eum
1012 2791 1143 2854 minime

112 2901 276 2967 dubitasse
289 2903 430 2988 comperi
448 2904 527 2991 quin
543 2904 605 2968 sibi
624 2903 757 2969 deberet
768 2906 835 2972 uni.
869 2903 952 2985 Sed3
971 2916 1142 2992 postquam

113 3037 146 3079 se
173 3035 296 3102 suaque
319 3016 423 3082 studia
439 3017 627 3101 'dijudicare
646 3037 683 3084 ea
707 3018 878 3106 prudentia
898 3031 933 3085 et
956 3020 1143 3108 integritate

113 3141 284 3216 coeperat,
308 3151 391 3218 quae
408 3134 617 3218 provectioris
632 3133 746 3198 aetatis
761 3145 824 3214 est,
843 3131 885 3197 ad
902 3128 1089 3220 sapientiam
1109 3142 1143 3197 et

113 3245 279 3310 veritatem
298 3247 393 3312 unice
418 3245 630 3342 appetendam
652 3245 838 3325 roboratae,
861 3256 934 3310 tum'
948 3243 1028 3312 dicti
1054 3245 1144 3310 illius

117 3501 320 3516 ψ

149 3681 176 3748 1)
196 3684 287 3734 Peneo.
302 3683 399 3749 petto.
416 3683 479 3750 Lag.
498 3700 523 3750 p.
540 3683 557 3733 5
572 3699 628 3749 sqq.

149 3768 176 3837 2)
194 3771 276 3834 wyte.
295 3771 386 3836 Opuse.
408 3768 503 3834 t,10⁷
519 3786 575 3836 sqq.

149 3854 177 3920 3)
195 3859 275 3909 llolec
295 3859 362 3908 hanc
378 3855 531 3922 Epistolem,
549 3856 624 3920 cujus
642 3859 821 3920 argumentum
837 3855 952 3906 futurum
970 3857 1047 3907 laniem
1066 3856 1145 3906 credo

119 3943 355 4008 Vennonetes,
364 3943 427 3993 adeo
439 3943 480 3992 vix
492 3941 636 3994 inchoatam
648 3943 681 3993 ab
694 3941 804 3992 lleurdio
812 3957 884 4006 osse,
894 3948 933 3991 -ut
946 3947 1047 4008 praeter
1056 3941 1141 3991 locum

115 4029 248 4080 leudstum
261 4030 326 4080 nihil
344 4029 418 4095 plane
436 4033 527 4080 aaut
552 4029 648 4094 Pariter
662 4029 788 4095 Epistulae
801 4029 833 4078 ad
845 4029 997 4079 &sauram
1015 4027 1141 4078 deusdius

117 4117 243 4180 cogitasse
268 4117 370 4166 videtur
387 4116 525 4165 editionem
549 4116 690 4168 auctiorem
705 4120 734 4164 et
758 4115 966 4168 emendatiorem.
1002 4114 1142 4164 initiorum

116 4208 202 4256 autem
221 4203 299 4252 editio
315 4203 395 4253 altera
413 4201 484 4252 brevi
502 4203 528 4251 in
546 4201 631 4252 luceru
649 4200 771 4269 prodibit.

155 4285 183 4355 l)
201 4291 289 4354 Epist.
307 4288 343 4340 ed
360 4289 450 4339 Oreus.
468 4305 493 4354 p.
511 4286 553 4340 2⁵.
