2875 5075
120 728 233 821 leat.¹)
279 730 369 805 Hanc
396 728 561 793 scientiam
587 728 747 795 Heusdius
765 752 967 817 summopere
990 730 1150 811 oelebrat,

11 832 12 909 ἶ
117 864 267 933 quaeque
291 844 381 907 illam
407 844 649 928 complectitur,
678 845 896 931 metaphysica
919 856 1089 931 propterea
1120 846 1150 909 ei

116 980 181 1023 non
192 970 316 1023 tantum
331 958 550 1023 doctrinarum
562 959 726 1044 princepe,
745 961 863 1023 ceteris
878 958 1032 1024 doctrinis
1048 961 1151 1024 omni-

27 1072 35 1157 ζ
115 1074 176 1138 bns
206 1068 302 1160 longe
334 1068 519 1159 praestans,
552 1072 608 1135 sed
640 1070 726 1158 ipso*
745 1075 922 1159 sapientie
950 1085 1019 1153 est,
1054 1096 1152 1161 quam

115 1189 194 1255 lieet
220 1189 347 1275 assequi
374 1183 469 1252 homo
500 1186 657 1273 nequeat,
690 1188 820 1251 nitendi
846 1200 952 1251 tamen
974 1190 1153 1253 constan'tid

115 1302 326 1381 incredibile,
359 1313 562 1388 quantopere*
589 1300 629 1365 ad
662 1322 789 1365 omnem
818 1303 908 1366 illem
932 1300 1055 1387 ingenii
1083 1303 1153 1366 ani·

116 1420 227 1504 mique
258 1413 491 1503 perfectionem
524 1415 793 1503 progrediamur)
846 1418 917 1481 lam
952 1418 1152 1503 reliquarum

116 1530 478 1619 quaestionum·lacilior
493 1542 540 1593 est
551 1530 734 1615 explicatio.
760 1532 802 1595 Ut
821 1533 907 1596 enim
921 1544 1013 1596 recte
1028 1532 1153 1595 colatur

115 1646 354 1733 metaphysica,
367 1644 583 1709 inchoandum
600 1642 836 1729 aphilosophia
854 1668 921 1710 esse
939 1657 1045 1731 patet,
1068 1645 1153 1731 quae

115 1761 258 1826 indicata
277 1755 467 1847 aliquoties,
491 1758 654 1823 hominem
681 1758 809 1823 sibimel
838 1761 900 1845 ipsi
921 1761 1104 1846 patefacit,
1119 1760 1152 1836 iq

116 1876 182 1939 rim
201 1876 300 1961 ipsius
317 1875 495 1953 internam,
519 1870 680 1937 internum
702 1871 850 1953 sensum,
871 1874 1045 1953 convertit,
1066 1876 1152 1960 quae

112 1981 342 2075 justo'artium
362 1999 393 2051 et
412 1986 654 2073 disciplinarum
678 1987 804 2067 studio,
825 1987 949 2074 puleii,
969 1988 1065 2067 boni,
1087 1988 1152 2051 reri

120 2124 263 2169 amorem
293 2104 366 2182 alit,
398 2104 476 2189 quin
516 2100 687 2167 'scintillam
725 2103 810 2189 ignis
847 2103 946 2167 divini
974 2103 1007 2165 iu
1038 2102 1150 2179 uobis,

117 2223 241 2309 quippe
266 2218 479 2299 hominibus,
501 2218 654 2283 latentem
683 2219 802 2282 excitat
827 2219 931 2282 et'ah
960 2219 1088 2281 interno
1110 2216 1152 2282 ad

117 2347 286 2401 externum
306 2332 463 2397 mundum
483 2354 580 2419 porro
606 2332 836 2419 explorandum
856 2332 958 2398 ducit.
969 2329 993 2419 ⁸)
1029 2330 1152 2414 Quodsi

116 2450 200 2515 haec
232 2450 393 2528 institutio
432 2460 463 2511 ct
492 2437 693 2533 inuestigalio
725 2446 890 2533 praecedit
915 2446 1152 2533 metaphysiuae

118 2565 286 2645 studium,
306 2565 432 2646 fructus
459 2561 528 2645 ejus
546 2561 700 2626 Heusdio'
713 2583 777 2625 non
797 2561 893 2647 louge
911 2560 1088 2650 quaerendi
1107 2561 1152 2623 ri*

115 2681 249 2746 dentur.
284 2678 364 2742 Nam
393 2697 494 2764 quum
514 2677 718 2740 varietatem
738 2676 860 2740 externi
888 2685 920 2738 et
940 2673 1154 2760 infinitatem

115 2795 238 2858 interni
262 2791 374 2856 mundi
398 2787 654 2878 cognoscendam
670 2788 824 2875 praebeat
850 2788 1000 2875 illudque
1015 2788 1151 2867 efficiat,

118 2907 208 2996 quod
227 2906 380 2993 inprimis
399 2905 572 2989 sapientiae
598 2915 665 2984 est,
689 2916 727 2969 ut
748 2927 813 2968 non
835 2915 959 2969 tantum
978 2924 1152 2991 cognosca-

117 3045 211 3102 mus,
235 3021 290 3085 sed
319 3041 449 3106 agamus
474 3021 569 3084 etiarn
590 3031 687 3105 atque
714 3041 769 3104 spe
791 3020 981 3084 roboremur
1001 3019 1042 3083 ed
1069 3019 1153 3082 hene

118 3115 291 3200 vivendum
302 3143 334 3198 et
344 3135 426 3198 bene
437 3131 638 3197 moriendum
652 3133 798 3211 efficaci,
811 3118 1151 3218 summurnme'taphp-
1262 3169 1269 3174 -

119 3253 204 3316 sicae
224 3259 422 3314 momentum
442 3247 528 3336 ultro
546 3246 756 3332 intelligitur·
768 3243 795 3332 l)
835 3247 906 3309 Non
931 3246 1006 3325 illa,
1028 3257 1151 3310 cetera·

119 3387 194 3430 rum
211 3363 430 3430 doctrinarum
448 3363 563 3440 instar,
581 3353 652 3425 suis
662 3381 695 3423 se
710 3346 827 3424 linibus
841 3360 998 3424 contineri
1013 3360 1151 3445 patitur,

121 3480 175 3545 sed
201 3479 240 3544 ad
264 3479 369 3543 omnia
388 3499 421 3541 se
441 3476 594 3542 extendit.
630 3475 958 3560 Philosophiinstar,
982 3473 1154 3561 metaphy-

120 3597 204 3660 sious
223 3596 258 3658 in
276 3595 394 3663 artium
413 3591 722 3677 disciplinarumque
741 3589 848 3654 studio
870 3590 933 3654 vim
957 3588 1075 3653 habere
1096 3589 1149 3653 de·

121 3711 195 3788 bet,
216 3731 272 3774 eae
287 3718 324 3772 ut
335 3729 372 3772 ex
385 3706 479 3791 justis
498 3705 680 3791 principiis,
691 3704 778 3788 justo
795 3705 906 3783 modo,
920 3691 952 3769 et
967 3704 1006 3768 ad
1028 3703 1153 3786 justum

156 4052 182 4116 1)
200 4055 298 4105 socrat.
318 4055 409 4101 seton
426 4055 476 4116 lv,
496 4051 553 4103 126.
637 4035 641 4040 “

157 4137 184 4203 el
202 4141 229 4188 r.
249 4137 307 4188 ree.

39 4223 43 4232 ’
158 4223 183 4284 3)
204 4225 229 4271 Ρ.
252 4222 304 4272 128
322 4241 376 4288 sqq.

158 4307 183 4372 ⁴)
202 4311 228 4360 a.
249 4307 306 4360 all.
