2875 5075
770 523 812 583 76

240 774 250 787 ·
276 694 396 773 tulere,
410 694 591 758 utmaxime
603 691 1299 780 eruditaesoboluebaberentur,numquaur

274 808 427 887 credidit,
439 820 568 886 contra,
581 828 721 893 quarum
730 805 812 872 baec
822 808 996 891 praecipua
1012 805 1082 870 laus
1092 816 1124 871 et
1135 827 1301 871 commen-

273 923 360 989 datio
376 936 476 1002 esset,
494 944 546 987 eas
564 923 658 988 oium
675 920 795 987 ducere
811 922 957 1007 opinatus
966 932 1015 985 est
1025 918 1065 984 ad
1076 921 1301 1007 magistrorum

272 1037 514 1103 admirationem
536 1035 696 1122 quam-sd
714 1057 857 1100 amorem
871 1034 1124 1120 disciplinarum.
1153 1036 1193 1099 Et
1213 1034 1302 1099 hune

273 1147 1301 1235 temensolebat,constantem,progressusdisciplinurumaffe-

273 1275 417 1341 rentem,
451 1264 513 1348 ipsi
540 1284 603 1328 non
622 1264 792 1349 ignotum,
816 1273 904 1327 tanto
922 1260 1036 1329 ardore
1061 1282 1192 1348 magnos
1215 1262 1300 1327 viros

271 1377 518 1456 incendentem,
544 1398 562 1439 o
574 1387 610 1441 ut
622 1398 680 1461 pro
694 1376 794 1441 literis
804 1423 813 1456 ,
822 1398 881 1461 pro
892 1376 1014 1441 artibus
1026 1415 1037 1455 ,
1048 1397 1107 1460 pro
1124 1375 1299 1455 doctrinis,

272 1503 505 1578 tamqunmpro
516 1490 678 1555 umoribus
693 1490 757 1555 suis
775 1502 808 1554 et
824 1489 968 1569 deliciis,
981 1490 1026 1553 nil
1047 1490 1301 1574 non'suscipiant

237 1646 240 1653 ·
271 1608 409 1672 libenter
419 1617 450 1671 ct
459 1606 554 1671 facile
566 1605 747 1692 perficiant,
757 1608 821 1669 imo
832 1605 917 1670 ultro
928 1606 1098 1691 exquirant
1110 1626 1203 1669 noras
1214 1604 1300 1669 diffi-

271 1722 420 1799 cultates,
439 1719 558 1807 quode
575 1720 614 1783 iis
625 1720 746 1791 melius.
760 1720 855 1785 etiam
877 1719 1138 1805 praeclariusque
1155 1739 1299 1784 merean-

270 1847 356 1902 tur.»
377 1831 403 1921 1)
441 1834 499 1903 Vel
520 1834 593 1900 ideo
610 1834 787 1920 scintillae,
804 1856 884 1920 quas
905 1834 941 1897 in
971 1832 1137 1919 discipulis
1156 1833 1299 1897 latentes

269 1948 563 2027 animadvertebat,
595 1960 752 2035 perpetuo
775 1947 975 2027 suscitandae
999 1960 1032 2013 et
1063 1946 1240 2026 movendae
1269 1949 1300 2011 ei

269 2063 482 2143 ridebantur,
524 2063 683 2129 flammam
718 2061 794 2127 binc
834 2062 996 2148 cupienti,
1034 2083 1119 2149 quas
1160 2083 1194 2125 se
1228 2064 1298 2147 ipsa

270 2178 379 2243 oleret.
409 2178 530 2243 Verum
553 2187 722 2263 propterea
748 2198 813 2241 non
834 2177 989 2261 putabat,
1020 2175 1100 2241 nihil
1126 2175 1212 2241 ultra
1230 2197 1299 2239 esse

270 2291 356 2377 quod
389 2302 559 2375 spectaret.
605 2292 674 2355 lmo
705 2312 847 2355 amorem
879 2291 972 2355 illum
1009 2312 1048 2355 eo
1080 2290 1298 2356 vehementius

269 2407 409 2472 excitare
430 2404 600 2485 studebat,
625 2427 691 2492 quo
710 2406 830 2471 arctius
849 2426 924 2471 eum
944 2405 1079 2471 oonsilio
1100 2428 1158 2471 suo
1180 2406 1297 2491 prima-

269 2521 416 2610 rioffueeti
435 2543 527 2607 posse
538 2518 715 2604 judicabat.
739 2517 766 2608 ²)
791 2522 860 2585 Hoc
877 2519 1080 2586 autemidsm
1097 2530 1183 2601 erat,
1207 2519 1296 2607 quod
1324 2503 1327 2505 v

269 2647 301 2699 et
318 2636 445 2700 sibimet
459 2635 520 2720 ipsi
533 2635 629 2700 finem
646 2635 805 2700 bonorum
821 2637 995 2720 posuit,ut
1002 2635 1152 2721 discipuli
1170 2635 1211 2701 ab
1228 2635 1297 2700 ani·

268 2769 319 2812 mo
335 2749 454 2832 pariter
480 2759 576 2834 atque
592 2749 633 2812 ab
653 2749 784 2835 iugenio
802 2750 1037 2822 excolerentur.
1056 2749 1081 2836 ³)
1111 2750 1295 2828 Eriminm,

268 2863 296 2925 si
321 2860 401 2948 quid
424 2859 536 2941 video,
569 2861 762 2942 consilium,
795 2882 861 2948 quo
893 2865 1016 2929 utinum
1046 2864 1147 2929 omnis
1172 2865 1295 2951 ubique

268 2975 653 3039 referreturdeademica
673 2975 849 3044 institutio!
872 2979 991 3043 llultae
1021 2989 1095 3055 sunt
1119 2979 1296 3044 multorum

267 3088 307 3153 de
326 3099 432 3154 nostra
459 3101 563 3154 aetate
590 3089 754 3176 querelae.
803 3087 978 3155 Φιλαυτίαν
999 3092 1194 3179 loquuntur,
1216 3092 1296 3157 leri·

265 3214 381 3283 tatem,
411 3204 638 3290 inexplebilem
665 3205 736 3272 auri
751 3216 783 3270 et
806 3204 965 3271 bonorum
985 3207 1120 3280 famem.
1159 3207 1296 3272 Deside-

265 3329 342 3382 rant·
360 3318 454 3382 fidem
482 3331 515 3384 et
545 3321 706 3404 pietatem.
741 3319 837 3384 Malas
864 3331 948 3385 umes
977 3333 1047 3386 tum
1061 3323 1107 3385 ¹in
1132 3322 1298 3387 rationum

262 3433 468 3518 publicarum
498 3432 787 3498 necessitudinibus
818 3445 886 3498 tum
926 3435 960 3499 in
998 3436 1129 3521 privatis
1169 3435 1291 3500 cisium

268 3669 466 3682 o-——m

242 3819 245 3824 ’
296 3824 325 3890 l)
344 3827 431 3891 Epist.
446 3827 481 3874 nd
495 3827 587 3877 Oreos.
604 3844 628 3893 p.
644 3827 685 3878 18.

296 3909 323 3974 2)
342 3913 440 3961 Socrui.
455 3913 548 3962 Sebool
563 3916 602 3978 11,
621 3913 680 3964 296.

296 3995 322 4060 3)
342 4001 387 4050 Br.
415 4014 474 4047 over
499 4001 532 4049 H.
564 3999 627 4048 Ond.
652 4017 677 4065 p.
701 3997 761 4051 324.
789 4002 833 4054 (Ἠ,
857 4004 903 4051 nr.
935 4017 994 4050 οιτον
1018 4003 1062 4050 lut
1089 4002 1222 4064 bsosfsm
1247 4003 1294 4051 der

262 4084 347 4148 sosjsg.
362 4100 386 4148 p.
398 4082 446 4146 65,
459 4083 501 4134 68.
520 4091 547 4133 et
562 4087 603 4134 Or.
619 4086 650 4135 ds
657 4087 748 4150 putori
764 4101 848 4134 oms
871 4105 896 4152 p.
913 4085 955 4136 26.
975 4089 1115 4152 Utrumque
1138 4089 1292 4153 opusculum

261 4168 313 4216 cito
333 4169 365 4217 nd
386 4171 552 4219 constantium
568 4172 646 4234 hujus
664 4173 791 4237 opinionis
810 4173 982 4224 indicandum.
1008 4175 1080 4223 Alter
1103 4175 1171 4224 enirn
1188 4173 1293 4223 libellus

259 4254 340 4301 altero
353 4255 441 4316 viginti
456 4257 529 4305 suuis
542 4262 581 4304 est
598 4259 732 4320 posterior.
