2875 5075
596 540 638 603 29

116 710 319 775 bachianist=
337 710 543 775 domesticam
564 712 748 777 studiorum
773 712 973 799 diligentiam
1005 716 1153 802 religiose
1259 790 1261 795 ,

117 846 264 889 serrare:
288 824 435 909 privatim
451 823 540 889 adire
557 825 867 911 Wyttenbacbiumr'
892 828 1050 894 amicitiae
1072 828 1152 893 deli·

117 938 176 1003 ciis
193 938 275 1017 irui,
296 933 366 1002 ¹tam
386 959 465 1002 nora
481 939 621 1004 meranda
637 961 711 1004 cnm
729 940 879 1027 Lyndcno
899 952 931 1005 et
952 941 1109 1022 Sluitero,
1120 938 1150 1029 1)

118 1072 217 1139 quam
242 1052 343 1116 veteri
367 1052 572 1118 instauranda
595 1074 670 1117 cnm
700 1054 894 1134 Vaillactio,
927 1056 1086 1119 carissimo
1105 1078 1154 1119 so-

116 1168 202 1245 dali,
218 1169 295 1253 qui,
312 1166 402 1255 prins
417 1167 651 1231 Amstelodamo
671 1167 852 1253 profectus,
873 1169 943 1231 exin
960 1190 1035 1232 cum
1054 1170 1153 1233 fratrc

116 1291 195 1345 natu
219 1282 344 1344 minore
371 1281 405 1343 in
432 1279 573 1345 Heusdic
592 1279 755 1367 diligendo
777 1283 1046 1347 constantissimus
1069 1284 1151 1349 fuit:
1205 1288 1208 1297 '

118 1405 264 1459 ceterum
293 1393 395 1457 multo
421 1395 546 1479 saepius
571 1394 757 1474 ambulare,
790 1416 874 1481 equo
902 1396 979 1459 item
1003 1394 1096 1476 vehi,
1122 1408 1154 1461 et

118 1508 312 1598 suburbanis
335 1509 420 1594 agris
448 1508 549 1593 magis
576 1508 792 1573 allicientibus
819 1520 851 1574 et
869 1510 1053 1575 valetudine
1070 1532 1154 1574 non-

6 1703 7 1714 ἶ
117 1644 295 1708 numquam
322 1624 411 1687 tenui
440 1622 633 1687 alterutrum
659 1623 823 1691 suadente.
855 1622 918 1689 Cui
934 1635 971 1688 ut
990 1634 1155 1709 praeterea

6 1723 7 1800 J
118 1738 242 1800 minore
272 1738 455 1802 consuleret
482 1738 601 1826 virium
629 1738 824 1818 intentione,
858 1739 1040 1825 frequentia
1063 1750 1154 1803 erant
1203 1715 1207 1729 Ι

120 1852 175 1915 sed
205 1851 297 1915 irrita
322 1850 500 1915 amicorum
530 1851 667 1932 monita;
703 1874 842 1939 quornm
872 1851 1002 1919 Crassus
1028 1874 1060 1916 se
1091 1850 1154 1920 boc

6 1981 7 1990 ¹
121 1963 273 2044 suadere,
298 1964 683 2051 hocprecariscribebat,
704 1965 1155 2032 ‹rutmcderaretnrstudendi

117 2079 294 2165 impetum3
311 2100 345 2143 se
361 2079 446 2142 enim
468 2078 536 2162 ejus
552 2078 725 2144 valetudini
743 2080 854 2144 timere
871 2101 974 2166 eaque
993 2079 1154 2144 sollicitu-

6 2231 8 2274 ,
119 2194 194 2259 dine
222 2196 347 2275 vexari,
382 2216 423 2259 ne
449 2195 565 2259 nimiae
589 2195 754 2259 literarum
779 2196 986 2260 colendarum
1021 2206 1153 2262 conten-

6 2278 8 2338 i
119 2311 199 2374 tium
220 2310 468 2376 succumberent
484 2308 657 2396 aliquando
678 2310 820 2395 corporis
837 2310 920 2375 vires
934 2321 966 2375 et
986 2312 1031 2376 sic
1051 2311 1152 2375 omnis

119 2423 279 2489 bonorum
302 2446 372 2509 spes
386 2426 422 2489 in
437 2426 562 2489 fumum
580 2424 722 2490 abiret.»

163 2537 266 2621 liujus
292 2541 374 2602 ritae
396 2539 672 2624 intercapedinem
701 2559 799 2601 unam
829 2538 925 2602 fnisse
946 2539 1011 2602 scio
1028 2561 1152 2602 memo·

119 2664 193 2717 ratu
232 2649 379 2736 dignam,
409 2671 508 2737 quam
534 2651 642 2715 attulit
669 2650 887 2738 peregrinatio
907 2651 1067 2727 Parisino
1112 2653 1150 2717 In

6 2846 7 2863 χ
121 2778 244 2832 exteras
261 2765 408 2851 regiones
423 2785 594 2830 excurrere
607 2764 703 2829 hodie
718 2767 761 2829 ita
778 2777 825 2829 est
842 2766 875 2830 in
890 2788 979 2832 more
994 2767 1151 2852 positum,

122 2891 158 2944 ut
177 2901 230 2943 -ne
253 2867 388 2962 ,juvenes
410 2879 542 2965 quidem
563 2879 717 2943 miremur
738 2881 974 2966 peregrinatos,
1000 2903 1060 2946 nec
1078 2901 1153 2946 sane

120 2994 181 3057 nisi
207 2993 264 3078 qni
281 2991 467 3072 dimidiam,
490 3005 526 3057 ut
545 2992 654 3076 ajunt,
679 2995 965 3079 Europae-partem
987 2995 1153 3076 inviserit,

6 3107 7 3165 l
120 3108 257 3172 aliorum
287 3108 321 3170 in
348 3129 381 3171 se
407 3117 571 3172 convertat
600 3107 721 3173 oeulos.
754 3107 817 3171 Sed
845 3121 917 3172 ante
934 3107 992 3172 hos
1010 3109 1152 3195 quadra-

5 3240 7 3287 t
121 3213 211 3308 ginta
235 3241 334 3286 annos
354 3221 563 3306 paucioribus
593 3221 737 3305 profecto
759 3221 881 3306 patriae
903 3221 982 3286 fines
1002 3197 1153 3307 superare

121 3335 342 3422 contingebat.
360 3334 537 3400 Heusdium
558 3336 630 3421 quis
649 3336 810 3419 inprimis
830 3335 972 3399 Lutetiae
988 3333 1153 3400 adeundae

6 3484 7 3489 κ
121 3447 276 3533 cupidine
304 3447 466 3528 incitant,
506 3448 642 3535 ignoro,
684 3468 879 3534 quamquam
910 3448 1152 3536 Wyttenbaehii

6 3562 7 3565 ’
121 3561 183 3627 lrac
206 3563 243 3625 in
270 3584 304 3626 re
321 3572 427 3647 partes
451 3563 502 3626 rix
520 3563 658 3628 minores
679 3563 775 3626 luisse
796 3565 908 3648 opiner
927 3557 1025 3649 atque
1043 3563 1153 3628 Ruhn-

5 3698 8 3773 ¹?
120 3677 210 3740 lrenii
237 3677 314 3741 clim
336 3677 464 3741 fuerant
480 3677 513 3740 in
529 3675 641 3740 eadem
658 3699 693 3740 re
708 3677 959 3764 Wyttenbacbio
978 3676 1150 3745 suadenda.

122 3789 201 3855 lttut
219 3801 286 3869 est,
310 3811 393 3856 anno
408 3790 504 3875 hujus
521 3790 624 3854 seculi
641 3793 744 3875 primo
755 3792 911 3857 Lutetiam
922 3792 977 3856 ille
989 3791 1151 3876 profectus

121 3903 234 3991 ibique
259 3883 433 3971 duos'fere
460 3925 583 3970 menses
604 3915 743 3970 moratus
761 3907 843 3987 fuit,
866 3907 1012 3971 Stratone
1031 3905 1152 3968 itineris

157 4262 186 4329 1)
205 4267 292 4330 Epist.
311 4266 347 4315 cd
364 4267 455 4316 Oreus.
473 4267 612 4314 initiorum
623 4266 691 4329 psit.
708 4265 778 4315 ntae.
792 4267 853 4315 edit.
870 4281 920 4315 rec.
936 4281 960 4331 p.
979 4265 1021 4314 24.
1083 4341 1104 4358 ·
