2875 5075
771 508 813 571 dl

276 694 401 770 pretam
420 681 538 769 egit—
559 700 643 766 quae
662 680 805 763 vesperis
830 674 1175 745 hmstelodrmensibus
1192 677 1308 762 prima·

277 802 325 865 ria
342 798 449 863 fuerat
472 792 684 861 conveniendi
712 814 809 860 eausa
827 789 854 879 ¹)
868 828 910 841 —-
925 791 983 859 sed
1010 792 1115 857 minus
1135 792 1204 875 jam
1234 792 1309 859 illo·

276 934 349 977 rum
360 912 571 995 interpretem
587 927 667 988 tere,
680 929 778 995 quam
793 906 938 993 judicem
956 907 1105 992 praebuit
1116 908 1308 992 interpreta-

276 1028 401 1091 tionum
412 1035 444 1090 et
454 1021 714 1089 emendationum
724 1022 768 1089 eb
782 1022 853 1107 ipso
862 1021 1022 1107 discipulo
1034 1022 1307 1107 excogitatarum,

276 1152 309 1203 et
324 1160 401 1203 vero
423 1139 519 1205 talem
528 1158 602 1201 eum
612 1136 755 1221 agrrorit,
763 1158 907 1222 quonum
918 1135 1076 1201 sentiendi
1087 1146 1119 1199 et
1129 1134 1309 1201 admirandi

276 1250 532 1320 etinealeseendi
545 1251 729 1317 communio
740 1261 833 1318 esset.
854 1249 1069 1335 «Tu-inquit
1079 1250 1113 1313 in
1124 1250 1309 1315 suavissima

275 1367 316 1433 ad
326 1366 507 1433 lleusdium
515 1365 697 1454 Epistola-
719 1386 828 1433 reram
838 1364 979 1429 Platonis
992 1364 1184 1449 scripturam
1198 1364 1310 1429 multis

275 1483 308 1549 in
330 1480 428 1560 locis,
444 1480 589 1566 quamvis
614 1480 835 1559 obliteratam,
853 1477 1082 1565 perspiciebas,
1102 1477 1309 1565 plurimaque

280 1595 465 1683 corrigebas
486 1594 692 1661 librariorum
707 1593 836 1661 menda.
880 1593 973 1675 Qum
990 1592 1120 1660 inventa
1133 1592 1175 1659 ad
1190 1592 1309 1659 mede-

275 1712 404 1788 lerens,
427 1709 594 1775 materiam
613 1708 790 1789 allerebss,
811 1708 854 1775 de
877 1729 943 1795 qua
966 1706 1115 1790 jueende
1134 1706 1309 1793 colloque-

278 1846 405 1903 remur,
426 1844 490 1889 nou
512 1823 617 1889 solum
637 1820 965 1909 evuprloloyotirree,
990 1820 1160 1887 sedetiam
1177 1840 1309 1904 nomo

275 1936 415 2011 onena
436 1947 469 2001 et
491 1934 801 2012 emmennone,
823 1956 926 2020 quum
947 1934 1148 2014 diedonum,
1179 1945 1309 1999 senten·

276 2050 416 2129 tiarum,
447 2050 627 2135 imaginum
654 2050 833 2128 suavitate,
860 2051 1015 2130 veritato,
1053 2050 1250 2116 sublimitate
1274 2050 1309 2113 in

275 2164 520 2233 admirationem
537 2162 678 2229 Platonis
694 2162 950 2249 abriperemur.»
969 2160 997 2250 ²)
1021 2164 1078 2229 llis
1100 2174 1209 2229 autem
1237 2163 1310 2230 eol-

277 2279 395 2364 loquiis
413 2300 477 2343 non
495 2278 581 2345 solus
599 2279 690 2345 loeus
716 2289 785 2343 erat
810 2280 956 2366 magistri
973 2278 1181 2345 bibliotheca.
1204 2278 1309 2345 hmbo

277 2392 361 2459 ruris
379 2402 535 2458 amatores
557 2392 773 2457 excurrebant
785 2394 949 2459 interdum
964 2416 1024 2479 per
1043 2414 1139 2480 agros
1154 2404 1187 2457 et
1200 2404 1258 2457 out
1274 2393 1309 2457 in
1368 2455 1371 2460 „

280 2495 419 2574 eollibru
439 2506 659 2588 considentes,
681 2506 768 2574 nude
790 2515 978 2594 prospectus
1000 2508 1036 2572 in
1056 2508 1309 2574 comuleumae·

216 2688 219 2694 ,
279 2643 383 2708 quor,
415 2633 472 2686 aut
504 2623 693 2689 recubantes
723 2623 759 2686 in
783 2625 882 2709 pratis
911 2634 944 2688 et
957 2625 1102 2688 emnium
1116 2624 1192 2709 ripis
1212 2643 1309 2688 unam

280 2735 467 2820 cogitabant
483 2737 623 2800 Platonis
642 2734 885 2820 philosophiam
916 2737 1041 2818 Quodsi
1059 2737 1309 2803 tunelleusdins

279 2869 342 2912 nen
365 2849 493 2914 llissum
514 2870 575 2914 neo
591 2849 759 2934 platarmm
773 2850 864 2914 illam
880 2850 1095 2932 desideraret,
1120 2872 1185 2939 quo
1203 2851 1309 2917 minus

279 2981 347 3026 sese
363 2962 424 3026 sibi
441 2962 605 3028 videretur
618 2962 783 3031 Phaedrus
798 2964 940 3052 aliquis,
962 2968 1020 3054 qui
1037 2967 1201 3032 &erstem
1215 2987 1310 3032 sunm

283 3075 324 3141 de
352 3077 544 3162 gravissimis
570 3080 768 3165 argumentis
796 3081 887 3167 loqui
915 3081 1062 3146 audiret:
1080 3078 1110 3169 θ)
1133 3081 1309 3146 tenendum

281 3202 353 3270 est,-
380 3191 489 3278 ipsum
505 3193 795 3280 Wyttenbrehium
814 3194 946 3261 hancei
966 3196 1150 3282 opinionem
1176 3196 1242 3260 sive
1260 3207 1310 3261 at·

281 3305 392 3371 tulisse
410 3307 475 3371 sire
494 3306 716 3389 confirmae,
730 3308 855 3375 obviam
872 3310 963 3376 eunti
980 3310 1109 3395 saepius
1122 3309 1308 3392 dicentem,

279 3405 306 3482 d
328 3416 410 3504 <pide
432 3419 573 3506 Φαῖδρε,
596 3424 659 3486 ποῖ
678 3413 718 3507 δὴ
738 3419 794 3488 set
814 3414 939 3506 redden
970 3425 1011 3489 Et
1029 3426 1160 3490 omnine
1182 3445 1220 3489 ea
1239 3437 1310 3491 erat

283 3529 500 3609 consuetudo,
524 3544 561 3596 ut
578 3533 635 3598 ille
654 3534 736 3621 quid
749 3547 890 3622 speraret
908 3537 960 3602 rel
975 3539 1084 3625 potius
1109 3538 1308 3619 confideret,

283 3642 360 3708 hoie
379 3666 443 3710 non
462 3643 595 3712 diffieile
614 3647 656 3714 ad
674 3651 902 3736 augurandum
919 3651 1029 3721 esset.l
1054 3655 1218 3740 Frequens
1241 3655 1309 3738 ejus

286 3885 483 3895 ———-——....

315 4057 345 4120 1)
362 4059 419 4108 vid.
434 4059 507 4108 loeus
521 4074 551 4110 ex
571 4062 658 4128 Epist.
680 4061 715 4112 od
732 4063 823 4112 Oreos.
840 4079 864 4129 p.
880 4062 912 4113 21
929 4064 1030 4116 allatus.

315 4141 342 4206 2)
359 4145 386 4194 Ρ.
405 4146 492 4195 xxlx.

316 4225 343 4292 3)
363 4231 448 4294 Epist.
463 4231 498 4280 od
511 4233 603 4284 Orsus.
622 4250 646 4299 p.
663 4233 705 4284 25.
821 4227 824 4233 ’
