<?xml version="1.0" encoding="UTF-8"?>
<!DOCTYPE html PUBLIC "-//W3C//DTD XHTML 1.0 Transitional//EN"
    "http://www.w3.org/TR/xhtml1/DTD/xhtml1-transitional.dtd">
<html xmlns="http://www.w3.org/1999/xhtml" xml:lang="en" lang="en">
 <head>
  <title>
</title>
<meta http-equiv="Content-Type" content="text/html;charset=utf-8" />
  <meta name='ocr-system' content='tesseract 3.04.00' />
  <meta name='ocr-capabilities' content='ocr_page ocr_carea ocr_par ocr_line ocrx_word'/>
</head>
<body>
  <div class='ocr_page' id='page_1' title='image "./memoriaheusdii00rovegoog_0056.png"; bbox 0 0 2875 5075; ppageno 0'>
   <div class='ocr_carea' id='block_1_1' title="bbox 605 528 644 589">
    <p class='ocr_par' dir='ltr' id='par_1_1' title="bbox 605 528 644 589">
     <span class='ocr_line' id='line_1_1' title="bbox 605 528 644 589; baseline 0 0"><span class='ocrx_word' id='word_1_1' title='bbox 605 528 644 589; x_wconf 83' lang='lat' dir='ltr'><strong>te</strong></span> 
     </span>
    </p>
   </div>
   <div class='ocr_carea' id='block_1_2' title="bbox 105 691 1193 2271">
    <p class='ocr_par' dir='ltr' id='par_1_2' title="bbox 105 691 1193 2271">
     <span class='ocr_line' id='line_1_2' title="bbox 108 691 1140 786; baseline -0.001 -22"><span class='ocrx_word' id='word_1_2' title='bbox 108 720 295 778; x_wconf 89' lang='lat' dir='ltr'><strong>senescens,</strong></span> <span class='ocrx_word' id='word_1_3' title='bbox 307 700 340 761; x_wconf 93' lang='lat' dir='ltr'><strong>in</strong></span> <span class='ocrx_word' id='word_1_4' title='bbox 359 697 420 763; x_wconf 91' lang='lat' dir='ltr'><strong>hac</strong></span> <span class='ocrx_word' id='word_1_5' title='bbox 431 710 636 783; x_wconf 85' lang='lat' dir='ltr'><strong>perseverans</strong></span> <span class='ocrx_word' id='word_1_6' title='bbox 652 700 818 778; x_wconf 86' lang='lat' dir='ltr'><strong>sententia,</strong></span> <span class='ocrx_word' id='word_1_7' title='bbox 832 699 938 764; x_wconf 87' lang='lat' dir='ltr'><strong>«haud</strong></span> <span class='ocrx_word' id='word_1_8' title='bbox 956 691 1140 786; x_wconf 86' lang='lat' dir='ltr'><strong>-inquit-</strong></span> 
     </span>
     <span class='ocr_line' id='line_1_3' title="bbox 108 812 1140 900; baseline -0.002 -23"><span class='ocrx_word' id='word_1_9' title='bbox 108 815 223 879; x_wconf 83' lang='lat' dir='ltr'><strong>critica</strong></span> <span class='ocrx_word' id='word_1_10' title='bbox 251 834 290 878; x_wconf 91' lang='lat' dir='ltr'><strong>ac</strong></span> <span class='ocrx_word' id='word_1_11' title='bbox 317 813 524 900; x_wconf 83' lang='lat' dir='ltr'><strong>grammatica</strong></span> <span class='ocrx_word' id='word_1_12' title='bbox 549 812 728 899; x_wconf 74' lang='lat' dir='ltr'>neglectis,</span> <span class='ocrx_word' id='word_1_13' title='bbox 759 824 848 877; x_wconf 87' lang='lat' dir='ltr'><strong>recte</strong></span> <span class='ocrx_word' id='word_1_14' title='bbox 864 815 948 900; x_wconf 81' lang='lat' dir='ltr'><strong>&#39;quis</strong></span> <span class='ocrx_word' id='word_1_15' title='bbox 976 814 1075 900; x_wconf 80' lang='lat' dir='ltr'><strong>possit</strong></span> <span class='ocrx_word' id='word_1_16' title='bbox 1105 814 1140 876; x_wconf 89' lang='lat' dir='ltr'><strong>in</strong></span> 
     </span>
     <span class='ocr_line' id='line_1_4' title="bbox 107 926 1140 1021; baseline 0.001 -30"><span class='ocrx_word' id='word_1_17' title='bbox 107 927 241 993; x_wconf 89' lang='lat' dir='ltr'><strong>historia</strong></span> <span class='ocrx_word' id='word_1_18' title='bbox 260 928 325 991; x_wconf 81' lang='lat' dir='ltr'><strong>sive</strong></span> <span class='ocrx_word' id='word_1_19' title='bbox 343 927 488 1021; x_wconf 83' lang='lat' dir='ltr'><strong>gentium</strong></span> <span class='ocrx_word' id='word_1_20' title='bbox 514 927 579 990; x_wconf 86' lang='lat' dir='ltr'><strong>sive</strong></span> <span class='ocrx_word' id='word_1_21' title='bbox 602 926 824 1012; x_wconf 74' lang='lat' dir='ltr'><strong>philosophiae</strong></span> <span class='ocrx_word' id='word_1_22' title='bbox 852 929 918 992; x_wconf 85' lang='lat' dir='ltr'><strong>sive</strong></span> <span class='ocrx_word' id='word_1_23' title='bbox 937 928 1140 1015; x_wconf 75' lang='lat' dir='ltr'><strong>eloquentiae</strong></span> 
     </span>
     <span class='ocr_line' id='line_1_5' title="bbox 106 1040 1193 1128; baseline 0 -23"><span class='ocrx_word' id='word_1_24' title='bbox 106 1041 314 1127; x_wconf 87' lang='lat' dir='ltr'><strong>procedere.»</strong></span> <span class='ocrx_word' id='word_1_25' title='bbox 342 1040 368 1128; x_wconf 89' lang='lat'><strong>¹)</strong></span> <span class='ocrx_word' id='word_1_26' title='bbox 394 1040 443 1105; x_wconf 87' lang='lat' dir='ltr'><strong>Ad</strong></span> <span class='ocrx_word' id='word_1_27' title='bbox 466 1040 568 1121; x_wconf 90' lang='lat' dir='ltr'><strong>hanc,</strong></span> <span class='ocrx_word' id='word_1_28' title='bbox 593 1042 693 1127; x_wconf 92' lang='lat' dir='ltr'><strong>probe</strong></span> <span class='ocrx_word' id='word_1_29' title='bbox 716 1042 862 1122; x_wconf 92' lang='lat' dir='ltr'><strong>memini,</strong></span> <span class='ocrx_word' id='word_1_30' title='bbox 886 1054 1009 1107; x_wconf 89' lang='lat' dir='ltr'><strong>nostras</strong></span> <span class='ocrx_word' id='word_1_31' title='bbox 1027 1044 1139 1128; x_wconf 84' lang='lat' dir='ltr'><strong>exige-</strong></span> <span class='ocrx_word' id='word_1_32' title='bbox 1190 1092 1193 1096; x_wconf 90' lang='lat'><strong>.</strong></span> 
     </span>
     <span class='ocr_line' id='line_1_6' title="bbox 105 1155 1138 1241; baseline 0 -22"><span class='ocrx_word' id='word_1_33' title='bbox 105 1157 162 1220; x_wconf 92' lang='lat' dir='ltr'><strong>bat</strong></span> <span class='ocrx_word' id='word_1_34' title='bbox 188 1156 389 1221; x_wconf 83' lang='lat' dir='ltr'><strong>Graecorum</strong></span> <span class='ocrx_word' id='word_1_35' title='bbox 415 1156 607 1241; x_wconf 88' lang='lat' dir='ltr'><strong>scriptorum</strong></span> <span class='ocrx_word' id='word_1_36' title='bbox 631 1157 812 1235; x_wconf 80' lang='lat' dir='ltr'><strong>versiones,</strong></span> <span class='ocrx_word' id='word_1_37' title='bbox 836 1157 873 1218; x_wconf 92' lang='lat' dir='ltr'><strong>-si</strong></span> <span class='ocrx_word' id='word_1_38' title='bbox 892 1155 971 1241; x_wconf 90' lang='lat' dir='ltr'><strong>qnid</strong></span> <span class='ocrx_word' id='word_1_39' title='bbox 997 1155 1138 1237; x_wconf 81' lang='lat' dir='ltr'><strong>deesset,</strong></span> 
     </span>
     <span class='ocr_line' id='line_1_7' title="bbox 108 1269 1140 1356; baseline -0.001 -21"><span class='ocrx_word' id='word_1_40' title='bbox 108 1282 164 1335; x_wconf 84' lang='lat' dir='ltr'><strong>sut</strong></span> <span class='ocrx_word' id='word_1_41' title='bbox 185 1269 315 1335; x_wconf 84' lang='lat' dir='ltr'><strong>aliunde</strong></span> <span class='ocrx_word' id='word_1_42' title='bbox 332 1270 485 1350; x_wconf 88' lang='lat' dir='ltr'><strong>ductum,</strong></span> <span class='ocrx_word' id='word_1_43' title='bbox 510 1290 575 1334; x_wconf 94' lang='lat' dir='ltr'><strong>non</strong></span> <span class='ocrx_word' id='word_1_44' title='bbox 593 1282 700 1335; x_wconf 90' lang='lat' dir='ltr'><strong>nostro</strong></span> <span class='ocrx_word' id='word_1_45' title='bbox 721 1272 864 1356; x_wconf 90' lang='lat' dir='ltr'><strong>ipsorum</strong></span> <span class='ocrx_word' id='word_1_46' title='bbox 882 1269 1010 1354; x_wconf 86' lang='lat' dir='ltr'><strong>¹judicio</strong></span> <span class='ocrx_word' id='word_1_47' title='bbox 1028 1292 1140 1355; x_wconf 90' lang='lat' dir='ltr'><strong>super·</strong></span> 
     </span>
     <span class='ocr_line' id='line_1_8' title="bbox 108 1382 1140 1471; baseline 0.001 -24"><span class='ocrx_word' id='word_1_48' title='bbox 108 1385 268 1449; x_wconf 87' lang='lat' dir='ltr'><strong>structum</strong></span> <span class='ocrx_word' id='word_1_49' title='bbox 288 1382 471 1465; x_wconf 86' lang='lat' dir='ltr'><strong>rideretur,</strong></span> <span class='ocrx_word' id='word_1_50' title='bbox 496 1384 710 1471; x_wconf 78' lang='lat' dir='ltr'><strong>grammaticis</strong></span> <span class='ocrx_word' id='word_1_51' title='bbox 731 1384 885 1449; x_wconf 89' lang='lat' dir='ltr'><strong>continuo</strong></span> <span class='ocrx_word' id='word_1_52' title='bbox 899 1384 1140 1471; x_wconf 81' lang='lat' dir='ltr'><strong>quaestionibus</strong></span> 
     </span>
     <span class='ocr_line' id='line_1_9' title="bbox 108 1498 1141 1581; baseline 0.001 -20"><span class='ocrx_word' id='word_1_53' title='bbox 108 1518 165 1563; x_wconf 88' lang='lat' dir='ltr'><strong>nos</strong></span> <span class='ocrx_word' id='word_1_54' title='bbox 181 1498 318 1580; x_wconf 84' lang='lat' dir='ltr'><strong>juvans,</strong></span> <span class='ocrx_word' id='word_1_55' title='bbox 343 1519 475 1563; x_wconf 87' lang='lat' dir='ltr'><strong>monens</strong></span> <span class='ocrx_word' id='word_1_56' title='bbox 490 1500 569 1561; x_wconf 89' lang='lat' dir='ltr'><strong>item</strong></span> <span class='ocrx_word' id='word_1_57' title='bbox 588 1498 639 1561; x_wconf 83' lang='lat' dir='ltr'><strong>vel</strong></span> <span class='ocrx_word' id='word_1_58' title='bbox 657 1498 698 1562; x_wconf 90' lang='lat' dir='ltr'><strong>ad</strong></span> <span class='ocrx_word' id='word_1_59' title='bbox 720 1498 845 1565; x_wconf 87' lang='lat' dir='ltr'><strong>saniora</strong></span> <span class='ocrx_word' id='word_1_60' title='bbox 863 1499 1004 1564; x_wconf 86' lang='lat' dir='ltr'><strong>hortans.</strong></span> <span class='ocrx_word' id='word_1_61' title='bbox 1029 1500 1141 1581; x_wconf 57' lang='lat' dir='ltr'><strong>Quae*</strong></span> 
     </span>
     <span class='ocr_line' id='line_1_10' title="bbox 109 1613 1140 1700; baseline 0.002 -24"><span class='ocrx_word' id='word_1_62' title='bbox 109 1634 253 1700; x_wconf 90' lang='lat' dir='ltr'><strong>cumque</strong></span> <span class='ocrx_word' id='word_1_63' title='bbox 282 1625 388 1678; x_wconf 87' lang='lat' dir='ltr'><strong>tamen</strong></span> <span class='ocrx_word' id='word_1_64' title='bbox 413 1614 529 1699; x_wconf 87' lang='lat' dir='ltr'><strong>prioris</strong></span> <span class='ocrx_word' id='word_1_65' title='bbox 558 1613 749 1699; x_wconf 90' lang='lat' dir='ltr'><strong>disciplinae</strong></span> <span class='ocrx_word' id='word_1_66' title='bbox 778 1636 846 1677; x_wconf 89' lang='lat' dir='ltr'><strong>esse</strong></span> <span class='ocrx_word' id='word_1_67' title='bbox 870 1613 1056 1697; x_wconf 86' lang='lat' dir='ltr'><strong>judicabat,</strong></span> <span class='ocrx_word' id='word_1_68' title='bbox 1080 1615 1140 1678; x_wconf 89' lang='lat' dir='ltr'><strong>ubi</strong></span> 
     </span>
     <span class='ocr_line' id='line_1_11' title="bbox 109 1726 1136 1814; baseline 0.004 -25"><span class='ocrx_word' id='word_1_69' title='bbox 109 1728 260 1814; x_wconf 83' lang='lat' dir='ltr'><strong>neglecta</strong></span> <span class='ocrx_word' id='word_1_70' title='bbox 277 1748 343 1791; x_wconf 89' lang='lat' dir='ltr'><strong>esse</strong></span> <span class='ocrx_word' id='word_1_71' title='bbox 359 1726 575 1814; x_wconf 76' lang='lat' dir='ltr'><strong>intelligeret,</strong></span> <span class='ocrx_word' id='word_1_72' title='bbox 599 1728 731 1793; x_wconf 88' lang='lat' dir='ltr'><strong>notabat</strong></span> <span class='ocrx_word' id='word_1_73' title='bbox 755 1729 880 1814; x_wconf 88' lang='lat' dir='ltr'><strong>saepius</strong></span> <span class='ocrx_word' id='word_1_74' title='bbox 900 1741 932 1793; x_wconf 89' lang='lat' dir='ltr'><strong>et</strong></span> <span class='ocrx_word' id='word_1_75' title='bbox 952 1726 1136 1793; x_wconf 79' lang='lat' dir='ltr'><strong>auditorum</strong></span> 
     </span>
     <span class='ocr_line' id='line_1_12' title="bbox 109 1842 1143 1930; baseline 0.004 -25"><span class='ocrx_word' id='word_1_76' title='bbox 109 1842 224 1907; x_wconf 89' lang='lat' dir='ltr'><strong>studiis</strong></span> <span class='ocrx_word' id='word_1_77' title='bbox 241 1843 341 1929; x_wconf 84' lang='lat' dir='ltr'><strong>magis</strong></span> <span class='ocrx_word' id='word_1_78' title='bbox 363 1842 626 1921; x_wconf 88' lang='lat' dir='ltr'><strong>commendabat,</strong></span> <span class='ocrx_word' id='word_1_79' title='bbox 651 1866 749 1929; x_wconf 91' lang='lat' dir='ltr'><strong>quam</strong></span> <span class='ocrx_word' id='word_1_80' title='bbox 765 1845 833 1928; x_wconf 86' lang='lat' dir='ltr'><strong>ipse</strong></span> <span class='ocrx_word' id='word_1_81' title='bbox 852 1842 971 1907; x_wconf 85' lang='lat' dir='ltr'><strong>diserte</strong></span> <span class='ocrx_word' id='word_1_82' title='bbox 1001 1844 1143 1930; x_wconf 87' lang='lat' dir='ltr'><strong>explica·</strong></span> 
     </span>
     <span class='ocr_line' id='line_1_13' title="bbox 108 1955 1142 2043; baseline 0.001 -23"><span class='ocrx_word' id='word_1_83' title='bbox 108 1957 175 2023; x_wconf 90' lang='lat' dir='ltr'><strong>hat.</strong></span> <span class='ocrx_word' id='word_1_84' title='bbox 200 1956 246 2021; x_wconf 87' lang='lat' dir='ltr'><strong>De</strong></span> <span class='ocrx_word' id='word_1_85' title='bbox 261 1955 319 2021; x_wconf 86' lang='lat' dir='ltr'><strong>his·</strong></span> <span class='ocrx_word' id='word_1_86' title='bbox 332 1976 394 2042; x_wconf 85' lang='lat' dir='ltr'><strong>ego</strong></span> <span class='ocrx_word' id='word_1_87' title='bbox 412 1956 525 2021; x_wconf 90' lang='lat' dir='ltr'><strong>saltem</strong></span> <span class='ocrx_word' id='word_1_88' title='bbox 545 1956 651 2021; x_wconf 88' lang='lat' dir='ltr'><strong>minus</strong></span> <span class='ocrx_word' id='word_1_89' title='bbox 663 1978 738 2021; x_wconf 89' lang='lat' dir='ltr'><strong>eum</strong></span> <span class='ocrx_word' id='word_1_90' title='bbox 756 1978 853 2043; x_wconf 79' lang='lat' dir='ltr'><strong>agere</strong></span> <span class='ocrx_word' id='word_1_91' title='bbox 871 1958 1024 2036; x_wconf 89' lang='lat' dir='ltr'><strong>memini,</strong></span> <span class='ocrx_word' id='word_1_92' title='bbox 1044 1976 1142 2043; x_wconf 90' lang='lat' dir='ltr'><strong>quam</strong></span> 
     </span>
     <span class='ocr_line' id='line_1_14' title="bbox 109 2070 1181 2158; baseline 0.001 -23"><span class='ocrx_word' id='word_1_93' title='bbox 109 2071 331 2136; x_wconf 89' lang='lat' dir='ltr'><strong>admirabilem</strong></span> <span class='ocrx_word' id='word_1_94' title='bbox 340 2091 370 2137; x_wconf 83' lang='lat' dir='ltr'><strong>v.</strong></span> <span class='ocrx_word' id='word_1_95' title='bbox 383 2092 412 2137; x_wconf 92' lang='lat' dir='ltr'><strong>c.</strong></span> <span class='ocrx_word' id='word_1_96' title='bbox 422 2072 574 2158; x_wconf 86' lang='lat' dir='ltr'><strong>persequi</strong></span> <span class='ocrx_word' id='word_1_97' title='bbox 586 2072 858 2157; x_wconf 79' lang='lat' dir='ltr'><strong>praepositionum</strong></span> <span class='ocrx_word' id='word_1_98' title='bbox 877 2074 961 2152; x_wconf 84' lang='lat' dir='ltr'><strong>vim,</strong></span> <span class='ocrx_word' id='word_1_99' title='bbox 984 2070 1143 2137; x_wconf 76' lang='lat' dir='ltr'><strong>dialecto-³</strong></span> <span class='ocrx_word' id='word_1_100' title='bbox 1179 2090 1181 2095; x_wconf 82' lang='grc'><strong>’</strong></span> 
     </span>
     <span class='ocr_line' id='line_1_15' title="bbox 109 2186 1143 2271; baseline 0.001 -22"><span class='ocrx_word' id='word_1_101' title='bbox 109 2208 183 2249; x_wconf 89' lang='lat' dir='ltr'><strong>rum</strong></span> <span class='ocrx_word' id='word_1_102' title='bbox 203 2195 350 2250; x_wconf 88' lang='lat' dir='ltr'><strong>naturam</strong></span> <span class='ocrx_word' id='word_1_103' title='bbox 371 2206 511 2271; x_wconf 88' lang='lat' dir='ltr'><strong>cumque</strong></span> <span class='ocrx_word' id='word_1_104' title='bbox 533 2186 611 2249; x_wconf 88' lang='lat' dir='ltr'><strong>orbe</strong></span> <span class='ocrx_word' id='word_1_105' title='bbox 629 2187 744 2251; x_wconf 92' lang='lat' dir='ltr'><strong>lonico</strong></span> <span class='ocrx_word' id='word_1_106' title='bbox 762 2187 922 2251; x_wconf 82' lang='lat' dir='ltr'><strong>etllorico</strong></span> <span class='ocrx_word' id='word_1_107' title='bbox 937 2186 1143 2269; x_wconf 89' lang='lat' dir='ltr'><strong>conjunctio-</strong></span> 
     </span>
    </p>
   </div>
   <div class='ocr_carea' id='block_1_3' title="bbox 108 2300 1142 2387">
    <p class='ocr_par' dir='ltr' id='par_1_3' title="bbox 108 2300 1142 2387">
     <span class='ocr_line' id='line_1_16' title="bbox 108 2300 1142 2387; baseline -0.001 -24"><span class='ocrx_word' id='word_1_108' title='bbox 108 2320 185 2363; x_wconf 86' lang='lat' dir='ltr'><strong>nem</strong></span> <span class='ocrx_word' id='word_1_109' title='bbox 216 2320 355 2387; x_wconf 84' lang='lat' dir='ltr'><strong>urgere,</strong></span> <span class='ocrx_word' id='word_1_110' title='bbox 396 2311 428 2363; x_wconf 86' lang='lat' dir='ltr'><strong>et</strong></span> <span class='ocrx_word' id='word_1_111' title='bbox 458 2320 534 2365; x_wconf 81' lang='lat' dir='ltr'><strong>vero</strong></span> <span class='ocrx_word' id='word_1_112' title='bbox 563 2300 778 2384; x_wconf 88' lang='lat' dir='ltr'><strong>pulcerrimae</strong></span> <span class='ocrx_word' id='word_1_113' title='bbox 812 2300 943 2387; x_wconf 83' lang='lat' dir='ltr'><strong>linguae</strong></span> <span class='ocrx_word' id='word_1_114' title='bbox 973 2322 992 2364; x_wconf 94' lang='lat' dir='ltr'><strong>e</strong></span> <span class='ocrx_word' id='word_1_115' title='bbox 1019 2300 1142 2386; x_wconf 84' lang='lat' dir='ltr'><strong>simpli·</strong></span> 
     </span>
    </p>
   </div>
   <div class='ocr_carea' id='block_1_4' title="bbox 108 2405 1209 2499">
    <p class='ocr_par' dir='ltr' id='par_1_4' title="bbox 108 2405 1209 2499">
     <span class='ocr_line' id='line_1_17' title="bbox 108 2405 1209 2499; baseline -0.001 -22"><span class='ocrx_word' id='word_1_116' title='bbox 108 2414 244 2477; x_wconf 84' lang='lat' dir='ltr'><strong>cissimis</strong></span> <span class='ocrx_word' id='word_1_117' title='bbox 273 2414 372 2477; x_wconf 86' lang='lat' dir='ltr'><strong>initiis</strong></span> <span class='ocrx_word' id='word_1_118' title='bbox 400 2413 567 2477; x_wconf 89' lang='lat' dir='ltr'><strong>ostendere</strong></span> <span class='ocrx_word' id='word_1_119' title='bbox 590 2416 867 2499; x_wconf 79' lang='lat' dir='ltr'><strong>progressionem,</strong></span> <span class='ocrx_word' id='word_1_120' title='bbox 900 2416 964 2478; x_wconf 83' lang='lat' dir='ltr'><strong>vim</strong></span> <span class='ocrx_word' id='word_1_121' title='bbox 978 2416 1012 2476; x_wconf 94' lang='lat' dir='ltr'><strong>in</strong></span> <span class='ocrx_word' id='word_1_122' title='bbox 1030 2414 1142 2499; x_wconf 90' lang='lat' dir='ltr'><strong>primis</strong></span> <span class='ocrx_word' id='word_1_123' title='bbox 1205 2405 1209 2413; x_wconf 75' lang='grc'><strong>’</strong></span> 
     </span>
    </p>
   </div>
   <div class='ocr_carea' id='block_1_5' title="bbox 107 2525 1220 2842">
    <p class='ocr_par' dir='ltr' id='par_1_5' title="bbox 107 2525 1220 2842">
     <span class='ocr_line' id='line_1_18' title="bbox 107 2525 1143 2614; baseline -0.004 -20"><span class='ocrx_word' id='word_1_124' title='bbox 107 2526 304 2594; x_wconf 81' lang='lat' dir='ltr'><strong>adumbrare</strong></span> <span class='ocrx_word' id='word_1_125' title='bbox 318 2526 554 2612; x_wconf 79' lang='lat' dir='ltr'><strong>philosopham.</strong></span> <span class='ocrx_word' id='word_1_126' title='bbox 601 2527 740 2591; x_wconf 80' lang='lat' dir='ltr'><strong>Omnino</strong></span> <span class='ocrx_word' id='word_1_127' title='bbox 760 2527 801 2590; x_wconf 85' lang='lat' dir='ltr'><strong>asl</strong></span> <span class='ocrx_word' id='word_1_128' title='bbox 828 2525 958 2614; x_wconf 85' lang='lat' dir='ltr'><strong>linguae</strong></span> <span class='ocrx_word' id='word_1_129' title='bbox 985 2526 1143 2613; x_wconf 83' lang='lat' dir='ltr'><strong>cognitio-</strong></span> 
     </span>
     <span class='ocr_line' id='line_1_19' title="bbox 107 2635 1220 2725; baseline -0.002 -19"><span class='ocrx_word' id='word_1_130' title='bbox 107 2660 206 2719; x_wconf 78' lang='lat' dir='ltr'><strong>nem,</strong></span> <span class='ocrx_word' id='word_1_131' title='bbox 240 2640 455 2716; x_wconf 82' lang='lat' dir='ltr'><strong>Grammatica</strong></span> <span class='ocrx_word' id='word_1_132' title='bbox 487 2635 658 2719; x_wconf 71' lang='lat' dir='ltr'><strong>nitentem,</strong></span> <span class='ocrx_word' id='word_1_133' title='bbox 699 2639 974 2725; x_wconf 75' lang='lat' dir='ltr'><strong>ut‘proticeretnr</strong></span> <span class='ocrx_word' id='word_1_134' title='bbox 1003 2640 1143 2704; x_wconf 87' lang='lat' dir='ltr'><strong>multum</strong></span> <span class='ocrx_word' id='word_1_135' title='bbox 1217 2709 1220 2715; x_wconf 66' lang='grc'><em>,</em></span> 
     </span>
     <span class='ocr_line' id='line_1_20' title="bbox 109 2751 1140 2842; baseline -0.002 -20"><span class='ocrx_word' id='word_1_136' title='bbox 109 2775 229 2842; x_wconf 88' lang='lat' dir='ltr'><strong>operae</strong></span> <span class='ocrx_word' id='word_1_137' title='bbox 251 2753 367 2832; x_wconf 84' lang='lat' dir='ltr'><strong>dabat,</strong></span> <span class='ocrx_word' id='word_1_138' title='bbox 400 2754 472 2837; x_wconf 89' lang='lat' dir='ltr'><strong>plus</strong></span> <span class='ocrx_word' id='word_1_139' title='bbox 501 2751 578 2816; x_wconf 92' lang='lat' dir='ltr'><strong>dare</strong></span> <span class='ocrx_word' id='word_1_140' title='bbox 596 2763 759 2838; x_wconf 88' lang='lat' dir='ltr'><strong>potuerat.</strong></span> <span class='ocrx_word' id='word_1_141' title='bbox 795 2751 891 2835; x_wconf 86' lang='lat' dir='ltr'><strong>Quod</strong></span> <span class='ocrx_word' id='word_1_142' title='bbox 911 2755 969 2840; x_wconf 90' lang='lat' dir='ltr'><strong>qui</strong></span> <span class='ocrx_word' id='word_1_143' title='bbox 997 2756 1140 2836; x_wconf 86' lang='lat' dir='ltr'><strong>laciunt,</strong></span> 
     </span>
    </p>
   </div>
   <div class='ocr_carea' id='block_1_6' title="bbox 108 2865 1142 3167">
    <p class='ocr_par' dir='ltr' id='par_1_6' title="bbox 108 2865 1142 3167">
     <span class='ocr_line' id='line_1_21' title="bbox 109 2865 1142 2956; baseline 0.001 -23"><span class='ocrx_word' id='word_1_144' title='bbox 109 2889 317 2956; x_wconf 84' lang='lat' dir='ltr'><strong>nequaquam</strong></span> <span class='ocrx_word' id='word_1_145' title='bbox 345 2865 435 2931; x_wconf 90' lang='lat' dir='ltr'><strong>nohis</strong></span> <span class='ocrx_word' id='word_1_146' title='bbox 466 2867 668 2951; x_wconf 87' lang='lat' dir='ltr'><strong>improbandi</strong></span> <span class='ocrx_word' id='word_1_147' title='bbox 695 2879 789 2948; x_wconf 74' lang='lat' dir='ltr'><strong>sunt,</strong></span> <span class='ocrx_word' id='word_1_148' title='bbox 831 2868 989 2955; x_wconf 86' lang='lat' dir='ltr'><strong>probandi</strong></span> <span class='ocrx_word' id='word_1_149' title='bbox 1030 2881 1142 2934; x_wconf 88' lang='lat' dir='ltr'><strong>contra</strong></span> 
     </span>
     <span class='ocr_line' id='line_1_22' title="bbox 108 2973 1142 3058; baseline -0.002 -18"><span class='ocrx_word' id='word_1_150' title='bbox 108 2973 387 3040; x_wconf 78' lang='lat' dir='ltr'><strong>vehementissime</strong></span> <span class='ocrx_word' id='word_1_151' title='bbox 416 2992 577 3058; x_wconf 86' lang='lat' dir='ltr'><strong>omneque</strong></span> <span class='ocrx_word' id='word_1_152' title='bbox 603 2985 771 3058; x_wconf 86' lang='lat' dir='ltr'><strong>punctum</strong></span> <span class='ocrx_word' id='word_1_153' title='bbox 808 2975 894 3038; x_wconf 84' lang='lat' dir='ltr'><strong>ferie</strong></span> <span class='ocrx_word' id='word_1_154' title='bbox 931 2974 1080 3055; x_wconf 83' lang='lat' dir='ltr'><strong>dicendi,</strong></span> <span class='ocrx_word' id='word_1_155' title='bbox 1115 2975 1142 3038; x_wconf 78' lang='lat' dir='ltr'><strong>si</strong></span> 
     </span>
     <span class='ocr_line' id='line_1_23' title="bbox 111 3078 1142 3167; baseline 0.002 -23"><span class='ocrx_word' id='word_1_156' title='bbox 111 3092 286 3166; x_wconf 84' lang='lat' dir='ltr'><strong>propterea</strong></span> <span class='ocrx_word' id='word_1_157' title='bbox 306 3078 386 3144; x_wconf 89' lang='lat' dir='ltr'><strong>nihil</strong></span> <span class='ocrx_word' id='word_1_158' title='bbox 408 3089 541 3159; x_wconf 84' lang='lat' dir='ltr'><strong>eorum,</strong></span> <span class='ocrx_word' id='word_1_159' title='bbox 574 3099 656 3165; x_wconf 81' lang='lat' dir='ltr'><strong>quae</strong></span> <span class='ocrx_word' id='word_1_160' title='bbox 676 3081 809 3164; x_wconf 89' lang='lat' dir='ltr'><strong>iusuper</strong></span> <span class='ocrx_word' id='word_1_161' title='bbox 827 3081 1026 3167; x_wconf 89' lang='lat' dir='ltr'><strong>antiquitatis</strong></span> <span class='ocrx_word' id='word_1_162' title='bbox 1045 3081 1142 3146; x_wconf 85' lang='lat' dir='ltr'><strong>disci·</strong></span> 
     </span>
    </p>
   </div>
   <div class='ocr_carea' id='block_1_7' title="bbox 58 3329 1145 4339">
    <p class='ocr_par' dir='ltr' id='par_1_7' title="bbox 111 3329 1145 3996">
     <span class='ocr_line' id='line_1_24' title="bbox 111 3329 1144 3396; baseline -0.003 -16"><span class='ocrx_word' id='word_1_163' title='bbox 111 3331 282 3396; x_wconf 76' lang='lat' dir='ltr'><strong>explicandis,</strong></span> <span class='ocrx_word' id='word_1_164' title='bbox 306 3334 411 3380; x_wconf 83' lang='lat' dir='ltr'><strong>secutus</strong></span> <span class='ocrx_word' id='word_1_165' title='bbox 427 3334 471 3379; x_wconf 83' lang='lat' dir='ltr'><strong>est</strong></span> <span class='ocrx_word' id='word_1_166' title='bbox 493 3329 526 3379; x_wconf 85' lang='lat' dir='ltr'><strong>sd</strong></span> <span class='ocrx_word' id='word_1_167' title='bbox 544 3347 567 3380; x_wconf 87' lang='lat' dir='ltr'><strong>a.</strong></span> <span class='ocrx_word' id='word_1_168' title='bbox 587 3329 669 3394; x_wconf 80' lang='lat' dir='ltr'><strong>test,</strong></span> <span class='ocrx_word' id='word_1_169' title='bbox 690 3329 785 3378; x_wconf 83' lang='lat' dir='ltr'><strong>dehinc</strong></span> <span class='ocrx_word' id='word_1_170' title='bbox 805 3345 870 3378; x_wconf 87' lang='lat' dir='ltr'><strong>unos</strong></span> <span class='ocrx_word' id='word_1_171' title='bbox 897 3329 1017 3378; x_wconf 80' lang='lat' dir='ltr'><strong>classicos</strong></span> <span class='ocrx_word' id='word_1_172' title='bbox 1033 3329 1144 3393; x_wconf 88' lang='lat' dir='ltr'><strong>scripto-</strong></span> 
     </span>
     <span class='ocr_line' id='line_1_25' title="bbox 112 3415 1144 3481; baseline -0.001 -17"><span class='ocrx_word' id='word_1_173' title='bbox 112 3433 154 3465; x_wconf 86' lang='lat' dir='ltr'><strong>res</strong></span> <span class='ocrx_word' id='word_1_174' title='bbox 172 3417 268 3466; x_wconf 90' lang='lat' dir='ltr'><strong>scholis</strong></span> <span class='ocrx_word' id='word_1_175' title='bbox 285 3416 430 3466; x_wconf 83' lang='lat' dir='ltr'><strong>destinavit.</strong></span> <span class='ocrx_word' id='word_1_176' title='bbox 449 3417 480 3465; x_wconf 84' lang='lat' dir='ltr'><strong>Et</strong></span> <span class='ocrx_word' id='word_1_177' title='bbox 502 3417 538 3466; x_wconf 87' lang='lat' dir='ltr'><strong>its</strong></span> <span class='ocrx_word' id='word_1_178' title='bbox 556 3416 639 3466; x_wconf 86' lang='lat' dir='ltr'><strong>serius</strong></span> <span class='ocrx_word' id='word_1_179' title='bbox 653 3416 726 3464; x_wconf 88' lang='lat' dir='ltr'><strong>ocius</strong></span> <span class='ocrx_word' id='word_1_180' title='bbox 737 3417 765 3464; x_wconf 91' lang='lat' dir='ltr'><strong>in</strong></span> <span class='ocrx_word' id='word_1_181' title='bbox 777 3416 835 3466; x_wconf 76' lang='lat' dir='ltr'><strong>aliis</strong></span> <span class='ocrx_word' id='word_1_182' title='bbox 845 3432 949 3480; x_wconf 88' lang='lat' dir='ltr'><strong>quoque</strong></span> <span class='ocrx_word' id='word_1_183' title='bbox 966 3415 1062 3481; x_wconf 84' lang='lat' dir='ltr'><strong>patriae</strong></span> <span class='ocrx_word' id='word_1_184' title='bbox 1076 3416 1144 3464; x_wconf 78' lang='lat' dir='ltr'><strong>Aca-</strong></span> 
     </span>
     <span class='ocr_line' id='line_1_26' title="bbox 112 3487 1143 3567; baseline -0.001 -16"><span class='ocrx_word' id='word_1_185' title='bbox 112 3503 202 3551; x_wconf 88' lang='lat' dir='ltr'><strong>demiis</strong></span> <span class='ocrx_word' id='word_1_186' title='bbox 216 3502 344 3561; x_wconf 81' lang='lat' dir='ltr'><strong>obtinuit3</strong></span> <span class='ocrx_word' id='word_1_187' title='bbox 356 3487 469 3567; x_wconf 86' lang='lat' dir='ltr'><strong>partim,</strong></span> <span class='ocrx_word' id='word_1_188' title='bbox 485 3507 514 3550; x_wconf 90' lang='lat' dir='ltr'><strong>ut</strong></span> <span class='ocrx_word' id='word_1_189' title='bbox 529 3503 636 3567; x_wconf 90' lang='lat' dir='ltr'><strong>opinor,</strong></span> <span class='ocrx_word' id='word_1_190' title='bbox 655 3505 742 3551; x_wconf 87' lang='lat' dir='ltr'><strong>recte:</strong></span> <span class='ocrx_word' id='word_1_191' title='bbox 765 3519 823 3552; x_wconf 86' lang='lat' dir='ltr'><strong>nam</strong></span> <span class='ocrx_word' id='word_1_192' title='bbox 838 3502 870 3551; x_wconf 90' lang='lat' dir='ltr'><strong>ah</strong></span> <span class='ocrx_word' id='word_1_193' title='bbox 895 3503 1022 3552; x_wconf 81' lang='lat' dir='ltr'><strong>Hebraeae</strong></span> <span class='ocrx_word' id='word_1_194' title='bbox 1038 3502 1143 3565; x_wconf 75' lang='lat' dir='ltr'><strong>linguae</strong></span> 
     </span>
     <span class='ocr_line' id='line_1_27' title="bbox 113 3583 1143 3654; baseline -0.001 -17"><span class='ocrx_word' id='word_1_195' title='bbox 113 3583 202 3653; x_wconf 79' lang='lat' dir='ltr'><strong>parum</strong></span> <span class='ocrx_word' id='word_1_196' title='bbox 223 3589 311 3654; x_wconf 88' lang='lat' dir='ltr'><strong>peritis</strong></span> <span class='ocrx_word' id='word_1_197' title='bbox 324 3589 390 3637; x_wconf 86' lang='lat' dir='ltr'><strong>hanc</strong></span> <span class='ocrx_word' id='word_1_198' title='bbox 404 3587 559 3653; x_wconf 82' lang='lat' dir='ltr'><strong>provinciam</strong></span> <span class='ocrx_word' id='word_1_199' title='bbox 577 3603 630 3637; x_wconf 91' lang='lat' dir='ltr'><strong>non</strong></span> <span class='ocrx_word' id='word_1_200' title='bbox 647 3588 816 3637; x_wconf 80' lang='lat' dir='ltr'><strong>administrari</strong></span> <span class='ocrx_word' id='word_1_201' title='bbox 833 3593 959 3654; x_wconf 72' lang='lat' dir='ltr'><strong>praestat:</strong></span> <span class='ocrx_word' id='word_1_202' title='bbox 979 3589 1143 3653; x_wconf 76' lang='lat' dir='ltr'><strong>pertimuere</strong></span> 
     </span>
     <span class='ocr_line' id='line_1_28' title="bbox 112 3673 1145 3741; baseline 0 -19"><span class='ocrx_word' id='word_1_203' title='bbox 112 3673 326 3739; x_wconf 81' lang='lat' dir='ltr'><strong>improbandum,</strong></span> <span class='ocrx_word' id='word_1_204' title='bbox 342 3675 412 3738; x_wconf 87' lang='lat' dir='ltr'><strong>quod</strong></span> <span class='ocrx_word' id='word_1_205' title='bbox 432 3673 492 3724; x_wconf 83' lang='lat' dir='ltr'><strong>dein</strong></span> <span class='ocrx_word' id='word_1_206' title='bbox 507 3674 589 3722; x_wconf 82' lang='lat' dir='ltr'><strong>futuri</strong></span> <span class='ocrx_word' id='word_1_207' title='bbox 607 3674 758 3736; x_wconf 70' lang='lat' dir='ltr'><strong>Theologiae</strong></span> <span class='ocrx_word' id='word_1_208' title='bbox 776 3675 883 3724; x_wconf 77' lang='lat' dir='ltr'><strong>studimi</strong></span> <span class='ocrx_word' id='word_1_209' title='bbox 899 3675 1087 3741; x_wconf 83' lang='lat' dir='ltr'><strong>opportunitate</strong></span> <span class='ocrx_word' id='word_1_210' title='bbox 1102 3689 1145 3722; x_wconf 88' lang='lat' dir='ltr'><strong>ca·</strong></span> 
     </span>
     <span class='ocr_line' id='line_1_29' title="bbox 113 3759 1144 3826; baseline -0.002 -16"><span class='ocrx_word' id='word_1_211' title='bbox 113 3764 224 3810; x_wconf 86' lang='lat' dir='ltr'><strong>ruerunt</strong></span> <span class='ocrx_word' id='word_1_212' title='bbox 247 3762 276 3809; x_wconf 89' lang='lat' dir='ltr'><strong>ll.</strong></span> <span class='ocrx_word' id='word_1_213' title='bbox 298 3761 324 3810; x_wconf 90' lang='lat' dir='ltr'><strong>T.</strong></span> <span class='ocrx_word' id='word_1_214' title='bbox 344 3759 464 3811; x_wconf 88' lang='lat' dir='ltr'><strong>lectionis</strong></span> <span class='ocrx_word' id='word_1_215' title='bbox 485 3763 585 3806; x_wconf 80' lang='lat' dir='ltr'><strong>motura</strong></span> <span class='ocrx_word' id='word_1_216' title='bbox 600 3759 767 3809; x_wconf 75' lang='lat' dir='ltr'><strong>inchoandae.</strong></span> <span class='ocrx_word' id='word_1_217' title='bbox 803 3762 891 3824; x_wconf 81' lang='lat' dir='ltr'><strong>Esset,</strong></span> <span class='ocrx_word' id='word_1_218' title='bbox 910 3763 980 3826; x_wconf 89' lang='lat' dir='ltr'><strong>quod</strong></span> <span class='ocrx_word' id='word_1_219' title='bbox 1001 3761 1144 3824; x_wconf 61' lang='lat' dir='ltr'><strong>mudemnt</strong></span> 
     </span>
     <span class='ocr_line' id='line_1_30' title="bbox 113 3843 1142 3910; baseline -0.001 -16"><span class='ocrx_word' id='word_1_220' title='bbox 113 3846 167 3910; x_wconf 90' lang='lat' dir='ltr'><strong>illi,</strong></span> <span class='ocrx_word' id='word_1_221' title='bbox 187 3846 208 3894; x_wconf 91' lang='lat' dir='ltr'><strong>si</strong></span> <span class='ocrx_word' id='word_1_222' title='bbox 223 3846 265 3894; x_wconf 84' lang='lat' dir='ltr'><strong>vel</strong></span> <span class='ocrx_word' id='word_1_223' title='bbox 278 3845 416 3896; x_wconf 86' lang='lat' dir='ltr'><strong>Literarum</strong></span> <span class='ocrx_word' id='word_1_224' title='bbox 431 3843 596 3894; x_wconf 87' lang='lat' dir='ltr'><strong>Orientalium</strong></span> <span class='ocrx_word' id='word_1_225' title='bbox 608 3846 751 3909; x_wconf 79' lang='lat' dir='ltr'><strong>Professor,</strong></span> <span class='ocrx_word' id='word_1_226' title='bbox 768 3846 809 3894; x_wconf 79' lang='lat' dir='ltr'><strong>rel</strong></span> <span class='ocrx_word' id='word_1_227' title='bbox 818 3847 969 3909; x_wconf 69' lang='lat' dir='ltr'><strong>&#39;theologius</strong></span> <span class='ocrx_word' id='word_1_228' title='bbox 978 3848 1142 3908; x_wconf 76' lang='lat' dir='ltr'><strong>Professores,</strong></span> 
     </span>
     <span class='ocr_line' id='line_1_31' title="bbox 113 3915 839 3996; baseline 0 -16"><span class='ocrx_word' id='word_1_229' title='bbox 113 3930 237 3980; x_wconf 85' lang='lat' dir='ltr'><strong>llehraice</strong></span> <span class='ocrx_word' id='word_1_230' title='bbox 255 3932 359 3996; x_wconf 88' lang='lat' dir='ltr'><strong>quidem</strong></span> <span class='ocrx_word' id='word_1_231' title='bbox 375 3930 460 3994; x_wconf 88' lang='lat' dir='ltr'><strong>docti,</strong></span> <span class='ocrx_word' id='word_1_232' title='bbox 478 3928 523 3978; x_wconf 89' lang='lat' dir='ltr'><strong>lras</strong></span> <span class='ocrx_word' id='word_1_233' title='bbox 541 3915 641 3980; x_wconf 86' lang='lat' dir='ltr'><strong>scholas</strong></span> <span class='ocrx_word' id='word_1_234' title='bbox 657 3931 839 3981; x_wconf 78' lang='lat' dir='ltr'><strong>instaurarent.</strong></span> 
     </span>
    </p>

    <p class='ocr_par' dir='ltr' id='par_1_8' title="bbox 58 4013 1145 4339">
     <span class='ocr_line' id='line_1_32' title="bbox 148 4013 1145 4082; baseline -0.002 -18"><span class='ocrx_word' id='word_1_235' title='bbox 148 4013 176 4081; x_wconf 74' lang='lat'><strong>1)</strong></span> <span class='ocrx_word' id='word_1_236' title='bbox 197 4017 399 4066; x_wconf 78' lang='lat' dir='ltr'><strong>C&#39;lsorecters&#39;sms&#39;</strong></span> <span class='ocrx_word' id='word_1_237' title='bbox 414 4017 505 4066; x_wconf 60' lang='lat' dir='ltr'><strong>Prisc.</strong></span> <span class='ocrx_word' id='word_1_238' title='bbox 524 4015 624 4066; x_wconf 85' lang='lat' dir='ltr'><strong>Plss&#39;los.</strong></span> <span class='ocrx_word' id='word_1_239' title='bbox 647 4017 699 4067; x_wconf 82' lang='lat' dir='ltr'><strong>l&#39;ct.</strong></span> <span class='ocrx_word' id='word_1_240' title='bbox 714 4032 740 4082; x_wconf 91' lang='lat' dir='ltr'><strong>p.</strong></span> <span class='ocrx_word' id='word_1_241' title='bbox 759 4015 820 4067; x_wconf 77' lang='lat' dir='ltr'><strong>let.</strong></span> <span class='ocrx_word' id='word_1_242' title='bbox 839 4017 884 4066; x_wconf 66' lang='grc' dir='ltr'><strong>(Ἢ.</strong></span> <span class='ocrx_word' id='word_1_243' title='bbox 898 4017 1012 4065; x_wconf 76' lang='lat' dir='ltr'><strong>Brtsvsss</strong></span> <span class='ocrx_word' id='word_1_244' title='bbox 1029 4029 1089 4063; x_wconf 80' lang='lat' dir='ltr'><strong>cess·</strong></span> <span class='ocrx_word' id='word_1_245' title='bbox 1100 4015 1145 4063; x_wconf 89' lang='lat' dir='ltr'><strong>lsst</strong></span> 
     </span>
     <span class='ocr_line' id='line_1_33' title="bbox 116 4101 1144 4170; baseline 0 -22"><span class='ocrx_word' id='word_1_246' title='bbox 116 4101 248 4168; x_wconf 73' lang='lat' dir='ltr'><strong>teosfcsssn</strong></span> <span class='ocrx_word' id='word_1_247' title='bbox 266 4104 312 4152; x_wconf 84' lang='lat' dir='ltr'><strong>ster</strong></span> <span class='ocrx_word' id='word_1_248' title='bbox 328 4105 481 4170; x_wconf 69' lang='lat' dir='ltr'><strong>sos&#39;jsgesrts.</strong></span> <span class='ocrx_word' id='word_1_249' title='bbox 501 4117 525 4168; x_wconf 92' lang='lat' dir='ltr'><strong>p.</strong></span> <span class='ocrx_word' id='word_1_250' title='bbox 543 4101 585 4154; x_wconf 77' lang='lat' dir='ltr'><strong>es.</strong></span> <span class='ocrx_word' id='word_1_251' title='bbox 603 4103 634 4152; x_wconf 91' lang='lat' dir='ltr'><strong>In</strong></span> <span class='ocrx_word' id='word_1_252' title='bbox 653 4103 703 4166; x_wconf 94' lang='lat' dir='ltr'><strong>iis,</strong></span> <span class='ocrx_word' id='word_1_253' title='bbox 731 4119 797 4166; x_wconf 85' lang='lat' dir='ltr'><strong>quse</strong></span> <span class='ocrx_word' id='word_1_254' title='bbox 814 4102 941 4152; x_wconf 87' lang='lat' dir='ltr'><strong>lleusdius</strong></span> <span class='ocrx_word' id='word_1_255' title='bbox 957 4103 985 4152; x_wconf 85' lang='lat' dir='ltr'><strong>in</strong></span> <span class='ocrx_word' id='word_1_256' title='bbox 1003 4103 1090 4166; x_wconf 80' lang='lat' dir='ltr'><strong>Epist.</strong></span> <span class='ocrx_word' id='word_1_257' title='bbox 1109 4101 1144 4149; x_wconf 77' lang='lat' dir='ltr'><strong>ad</strong></span> 
     </span>
     <span class='ocr_line' id='line_1_34' title="bbox 58 4189 1144 4254; baseline -0.001 -18"><span class='ocrx_word' id='word_1_258' title='bbox 58 4237 60 4246; x_wconf 17' lang='grc' dir='ltr'>λ</span> <span class='ocrx_word' id='word_1_259' title='bbox 117 4189 209 4238; x_wconf 78' lang='lat' dir='ltr'><strong>Oreus.</strong></span> <span class='ocrx_word' id='word_1_260' title='bbox 226 4189 285 4253; x_wconf 69' lang='grc' dir='ltr'><strong>μθ</strong></span> <span class='ocrx_word' id='word_1_261' title='bbox 310 4206 337 4239; x_wconf 86' lang='lat' dir='ltr'><strong>ss</strong></span> <span class='ocrx_word' id='word_1_262' title='bbox 351 4189 577 4254; x_wconf 78' lang='lat' dir='ltr'><strong>wyttenbachium</strong></span> <span class='ocrx_word' id='word_1_263' title='bbox 602 4189 634 4238; x_wconf 83' lang='lat' dir='ltr'><strong>de</strong></span> <span class='ocrx_word' id='word_1_264' title='bbox 658 4190 755 4252; x_wconf 70' lang='lat' dir='ltr'><strong>regulis</strong></span> <span class='ocrx_word' id='word_1_265' title='bbox 775 4190 952 4254; x_wconf 69' lang='lat' dir='ltr'><strong>grammaticae</strong></span> <span class='ocrx_word' id='word_1_266' title='bbox 977 4189 1144 4239; x_wconf 85' lang='lat' dir='ltr'><strong>disserentem</strong></span> 
     </span>
     <span class='ocr_line' id='line_1_35' title="bbox 70 4273 980 4339; baseline 0.004 -18"><span class='ocrx_word' id='word_1_267' title='bbox 70 4310 72 4314; x_wconf 85' lang='lat'><strong>.</strong></span> <span class='ocrx_word' id='word_1_268' title='bbox 115 4273 239 4323; x_wconf 82' lang='lat' dir='ltr'><strong>audivisse</strong></span> <span class='ocrx_word' id='word_1_269' title='bbox 255 4279 357 4339; x_wconf 79' lang='lat' dir='ltr'><strong>narrat,</strong></span> <span class='ocrx_word' id='word_1_270' title='bbox 373 4275 453 4323; x_wconf 86' lang='lat' dir='ltr'><strong>molta</strong></span> <span class='ocrx_word' id='word_1_271' title='bbox 471 4275 576 4324; x_wconf 86' lang='lat' dir='ltr'><strong>suntab</strong></span> <span class='ocrx_word' id='word_1_272' title='bbox 593 4275 672 4339; x_wconf 87' lang='lat' dir='ltr'><strong>ipsius</strong></span> <span class='ocrx_word' id='word_1_273' title='bbox 689 4277 791 4339; x_wconf 87' lang='lat' dir='ltr'><strong>judicio</strong></span> <span class='ocrx_word' id='word_1_274' title='bbox 807 4277 875 4326; x_wconf 85' lang='lat' dir='ltr'><strong>haud</strong></span> <span class='ocrx_word' id='word_1_275' title='bbox 889 4277 980 4325; x_wconf 90' lang='lat' dir='ltr'><strong>aliena.</strong></span> 
     </span>
    </p>
   </div>
   <div class='ocr_carea' id='block_1_8' title="bbox 0 0 1446 5075">
    <p class='ocr_par' dir='ltr' id='par_1_9' title="bbox 0 0 1446 5075">
     <span class='ocr_line' id='line_1_36' title="bbox 0 0 1446 5075; baseline 0 0"><span class='ocrx_word' id='word_1_276' title='bbox 0 0 1446 5075; x_wconf 95' lang='lat' dir='ltr'><strong> </strong></span> 
     </span>
    </p>
   </div>
  </div>
 </body>
</html>
