2875 5075
758 572 823 639 2⁵2

277 746 342 812 cari
361 756 519 831 poterant.
534 742 560 833 ¹)
594 744 631 809 ld
649 745 745 809 unice
759 745 1017 826 memorandum,
1041 757 1217 831 praeeunte
1236 768 1306 811 ma·

277 872 345 941 tre,
376 859 494 925 liberos
522 858 607 925 haud
637 859 743 925 omnia
773 860 861 945 prius
892 882 989 947 quam
1018 861 1102 925 hanc
1141 870 1306 946 reputasse

275 974 463 1041 felicitatem
479 996 588 1055 suam,
613 974 702 1060 quod
719 984 843 1059 patrem
868 996 934 1038 non
957 975 990 1037 in
1010 975 1163 1059 lipsiensi
1186 975 1307 1039 itinere

275 1090 464 1168 amiserant,
485 1089 605 1157 exclusi
623 1090 790 1155 etiamtum
815 1088 856 1155 ab
872 1088 1064 1154 Academica
1088 1088 1156 1171 ejus
1175 1089 1306 1153 institu-

276 1205 374 1271 tione.
398 1204 467 1269 Hoc
497 1204 580 1291 grati
606 1203 704 1269 animi
726 1226 820 1268 sensu
842 1204 876 1267 in
895 1225 1019 1269 summo
1044 1223 1189 1268 moerore
1210 1203 1305 1279 tutti,

276 1340 341 1385 non
359 1319 551 1385 verebantur
573 1318 778 1387 difficultates
795 1318 956 1384 celerrimi
971 1320 1004 1382 in
1029 1319 1165 1403 patriam
1180 1316 1306 1383 reditus

275 1445 388 1520 sponte
407 1455 463 1497 sua
479 1452 611 1520 augere.
640 1434 722 1499 Nam
741 1434 872 1522 epatris
883 1433 1081 1497 sermonibus
1099 1432 1140 1497 de
1158 1431 1307 1518 reliquiis

275 1546 461 1625 huminum,
502 1558 591 1614 extra
626 1550 762 1632 patriam
794 1547 1038 1631 macenorum,
1069 1546 1135 1614 buc
1161 1545 1308 1614 modeste

275 1672 428 1747 casteque
446 1660 601 1727 traductis
621 1662 778 1748 colligere
794 1661 933 1743 licebat,
956 1660 1038 1727 nihil
1052 1682 1086 1724 se
1100 1660 1188 1727 illius
1204 1661 1308 1725 menti

275 1774 497 1845 adversaturos
515 1797 602 1855 esse,
620 1775 781 1862 siquidem
797 1776 872 1841 talia
884 1777 945 1862 ipsi
961 1785 1173 1862 sequerentur
1193 1796 1308 1840 exem·

275 1890 337 1975 pla.
382 1889 551 1977 Quidquid
579 1891 680 1977 igitur
718 1891 946 1959 nonnullorum
981 1890 1149 1976 prodentia
1188 1890 1306 1953 merito

275 2004 468 2087 objiciebat,
491 2004 589 2069 nullis
612 2026 680 2069 sese
701 2004 944 2071 difficultatibus
959 2003 1115 2071 deterreri
1133 2026 1152 2069 a
1170 2004 1307 2069 oonsilio

275 2119 496 2205 patiebantur,
523 2118 612 2206 quod
632 2120 741 2185 multis
756 2120 851 2183 etiam
869 2119 980 2203 optimi
999 2120 1060 2183 riri
1077 2119 1189 2183 amicis
1207 2117 1307 2181 disci-

275 2234 425 2320 pulisque
457 2234 629 2319 probatum
666 2235 705 2299 iri
741 2233 957 2300 confidebant
1014 2233 1076 2301 Vix
1108 2231 1307 2296 tristissimus

274 2350 406 2415 nuntius
429 2348 566 2432 patriam
588 2360 729 2413 nostram
749 2358 947 2432 pervaserat,
971 2369 1074 2434 quum
1091 2347 1172 2441 ipsi,
1190 2348 1304 2432 ingen-

273 2462 359 2529 tibus
390 2463 546 2549 suporatis
585 2462 757 2541 molestiis,
781 2462 951 2549 reliquias,
986 2460 1107 2525 nullius
1139 2460 1306 2547 peregrini

274 2599 372 2644 curae
389 2577 423 2642 in
445 2578 560 2642 itinere
580 2577 781 2657 commissas,
805 2598 858 2642 eas
875 2577 910 2639 in
925 2574 1020 2642 aedes
1039 2575 1202 2640 traductas
1214 2575 1305 2640 side·

272 2695 372 2772 bent,
397 2692 483 2758 unde
512 2692 655 2760 nondum
685 2693 813 2759 duobus
843 2692 1007 2758 mensibus
1029 2704 1104 2757 aute
1128 2692 1205 2756 laeti
1228 2713 1305 2756 cum

272 2806 444 2872 laetissimo
468 2807 608 2893 conjuge
635 2819 667 2872 et
691 2818 784 2892 petre
815 2808 936 2894 egressi
964 2807 1105 2872 fumant.
1136 2806 1200 2872 Sed
1229 2829 1305 2893 gra-

273 2921 350 2986 tiam
369 2919 432 2984 illis
455 2920 629 3000 habemus,
653 2931 815 3009 quotquot
834 2920 887 2986 die
909 2923 951 2986 lt
972 2941 1013 2986 m.
1033 2921 1174 3006 Augusti
1194 2921 1230 2988 in
1253 2942 1305 2984 se-

273 3035 421 3120 pulcreto
443 3036 519 3121 pagi
539 3033 579 3098 de
596 3033 678 3100 Bru
693 3034 781 3118 justa
799 3037 992 3122 peregimus.
1025 3036 1110 3100 Illuc
1134 3056 1230 3100 nemo
1253 3035 1303 3100 in-

273 3151 404 3230 ritatus,
429 3149 520 3214 nulla
541 3149 683 3216 Heusdie
707 3162 815 3215 nostro
836 3149 1008 3236 displicens
1034 3151 1155 3216 funeris
1185 3171 1303 3234 pompa

272 3265 441 3345 arcessita,
475 3265 657 3349 complures
686 3275 793 3332 autem
823 3265 909 3330 ultro
945 3275 1122 3344 renerum,
1154 3265 1301 3350 cognati,

272 3380 388 3457 amici,
416 3378 604 3458 Curatores,
628 3378 845 3458 Professores,
871 3378 1024 3464 discipuli
1045 3381 1172 3464 pristini
1191 3400 1304 3444 recen·

273 3493 468 3578 tissimique:
486 3504 643 3558 renerunt
663 3493 828 3560 Vaillantii
846 3493 970 3560 iratres.
1002 3494 1076 3560 lllic
1089 3494 1177 3559 nudo
1198 3494 1303 3578 capite

272 3607 443 3692 animoque
465 3607 592 3689 penitus
620 3619 780 3672 commoto
802 3607 1064 3674 Goudoererium
1086 3619 1119 3672 et
1140 3607 1302 3693 Royaard·

272 3721 356 3785 sium
378 3731 580 3806 parentantcs
607 3721 786 3788 audivimus
808 3735 858 3803 et,
883 3724 1005 3788 nullius
1024 3746 1093 3813 ,non
1112 3723 1224 3788 aetatis
1245 3722 1303 3786 riri

272 3855 329 3898 nos
358 3834 519 3918 tradentes
542 3835 708 3924 lacrymis,
738 3838 999 3921 conspiciendum
1020 3838 1206 3924 lugentibus
1230 3837 1303 3902 filiis

272 3949 496 4033 praebuimus,
527 3952 640 4037 quanti
659 3952 839 4020 faceremus
860 3966 1003 4040 patrem,
1026 3953 1158 4019 doctum
1181 3954 1302 4040 quippe

307 4219 336 4354 lx)
351 4224 379 4269 Α.
400 4225 425 4273 C.
445 4227 497 4275 Van
512 4229 624 4290 lleusde,
641 4230 665 4277 in
680 4233 765 4294 Epist.
783 4233 948 4296 odsratresr,
966 4235 1033 4283 laud.
1054 4236 1130 4283 Diatr.
1149 4234 1283 4297 praemissa

272 4323 296 4370 p.
340 4309 372 4355 11.
