2875 5075
626 523 689 586 233

30 733 40 777 9
143 718 279 784 magnus
291 698 339 761 vir
351 708 500 774 ornetur,
518 694 621 760 laudis
630 696 865 761 testimonium:
882 696 1064 762 excellebat
1081 701 1175 763 iuter
1208 712 1218 728 ²

141 811 318 900 aequales,
334 810 395 874 eod
407 813 447 873 iu
457 810 593 873 uiuendi
604 810 794 898 agendique
808 802 1004 895 principiis
1013 819 1174 898 perpetuo

140 926 407 1011 eiutplt'eitotem
422 927 528 1009 pueri
546 924 679 989 retulit.
691 946 708 987 t>
724 921 749 1009 1)
776 925 829 989 Sic
844 923 1001 988 Heusdiue
1021 926 1171 989 ultimum

141 1039 319 1103 studiorum
332 1038 550 1124 propositum,
568 1038 665 1102 totius
680 1032 816 1101 hominio
836 1039 1085 1123 perfectionem,
1105 1062 1171 1103 ma·

141 1155 189 1240 gis
202 1154 380 1239 magisque
411 1164 554 1238 spectare
578 1153 694 1239 coepit.
730 1154 797 1217 Nec
818 1151 967 1237 proiecto·
990 1155 1055 1215 veri
1082 1176 1170 1217 amo·

135 1288 316 1353 ‘rem,‡quo
338 1266 379 1331 ad
398 1268 521 1331 saniora
542 1288 574 1330 se
595 1279 778 1331 revocatum
795 1288 862 1330 esse
882 1268 1061 1346 fatebatur,
1084 1270 1172 1331 alere

141 1360 293 1469 umquam
321 1382 424 1447 desiit.
469 1382 545 1465 Ejus
576 1390 686 1446 contra
715 1382 773 1445 illo
803 1404 896 1446 nemo
931 1404 964 1445 se
992 1382 1094 1468 magis
1121 1384 1170 1445 in·

137 1496 378 1582 digerenteosit.
419 1496 579 1577 Quocirca
605 1506 638 1559 et
657 1496 798 1560 severior
817 1496 979 1581 paulatim
1000 1496 1034 1559 in
1061 1496 1171 1580 erplo-

140 1610 241 1675 raudo
263 1632 348 1689 sese,
373 1622 405 1673 et
426 1610 606 1674 liberior-in
623 1612 663 1672 iio
692 1609 962 1695 reprehendendis
991 1612 1128 1691 exstitit,
1152 1634 1171 1675 a

141 1726 258 1810 quihus
287 1735 380 1787 antea·
397 1746 533 1787 omnem
560 1735 708 1788 arcuerat
740 1719 1031 1810 reprehensionem.
1078 1725 1170 1789 nutri

139 1860 267 1903 mecum
295 1838 382 1903 hanc
406 1840 440 1902 in
459 1839 527 1902 reri
555 1838 660 1902 studio
685 1840 939 1925 progressionem
968 1850 1104 1925 eamque
1130 1839 1170 1905 ad

138 1955 223 2018 ¹ritae
243 1954 361 2017 exitum
378 1963 603 2039 augescentem
623 1951 927 2018 animadverterunt.
969 1953 1048 2017 Inde
1069 1954 1170 2016 erevit

141 2079 173 2131 et
194 2070 328 2149 murima
349 2068 482 2155 quidem
501 2078 604 2147 aetate
617 2067 685 2151 jam
703 2070 910 2153 provectioris
930 2070 1029 2131 erasit
1047 2068 1081 2130 in
1100 2069 1169 2151 ipeo

23 2234 26 2241 .
140 2182 272 2247 Platone
292 2181 499 2265 dijudicando
517 2182 667 2262 libertae,
687 2181 750 2247 hoe
768 2182 942 2253 lectoribus
961 2181 1107 2269 symbolo
1128 2184 1170 2245 oi-

40 2292 42 2299 ’
141 2296 293 2383 gnificata
309 2286 377 2360 ἀλλ’
390 2287 429 2359 ozi
443 2287 504 2382 peip
517 2284 585 2381 πρό
599 2317 635 2379 γε
645 2296 702 2383 τῆς
711 2286 872 2381 ἀληθείας
882 2292 1032 2383 τιμητέος
1044 2285 1167 2382 ἅνὴρΑ)

183 2410 248 2475 Sed
263 2412 348 2475 faeta
364 2408 452 2473 illius
472 2410 647 2473 severitatis
665 2420 697 2473 et
713 2408 868 2473 libertatis
886 2409 1063 2488 mentione,
1081 2408 1170 2473 haud

139 2526 397 2612 praetermittere
419 2523 514 2603 licet,
538 2522 681 2588 eamdem
709 2524 853 2589 internae
880 2524 964 2589 vitae
995 2524 1056 2587 vim
1079 2546 1169 2589 vere·

140 2640 278 2706 cundiae
290 2638 457 2722 cujusdam
468 2649 566 2724 atque
584 2640 741 2703 cautionis
753 2638 949 2703 effectricem
967 2621 1085 2718 fuisse,
1105 2661 1169 2726 qua

138 2757 174 2819 in
194 2755 402 2819 maximarum
422 2775 529 2816 rerum
558 2753 665 2819 studio
692 2775 756 2817 non
776 2755 871 2818 altius
893 2753 973 2830 ille,
992 2774 1090 2840 quam
1110 2754 1168 2819 ho·
1239 2839 1242 2844 ν

139 2870 260 2933 minem
275 2869 406 2948 deceat,
424 2867 551 2932 evolare
568 2879 749 2934 conaretur.
777 2869 866 2931 Hinc*
877 2869 1051 2933 maturiore
1066 2881 1169 2933 aetate

141 3007 205 3049 non
228 2995 351 3048 tanturn
375 2981 557 3068 philosophi
578 3003 645 3046 esse
663 2981 833 3065 judicabat
850 2984 1000 3047 muitum
1018 2984 1168 3064 credere,

139 3098 238 3164 uitii
263 3101 370 3177 scire,
407 3100 523 3161 cronia
554 3099 750 3182 inplorare,
785 3118 893 3183 neque
918 3099 952 3160 io
986 3120 1043 3162 ore
1073 3098 1169 3162 modo

140 3213 279 3278 habebat
317 3213 397 3299 quir
429 3215 578 3292 amissa,
611 3235 697 3300 quoe
732 3215 837 3297 pueri
871 3215 1007 3275 reamur
1043 3211 1169 3299 refert,

136 3328 225 3413 fide,
239 3327 440 3414 philosophi
463 3331 599 3390 nomine
624 3324 881 3414 appulorum)
907 3326 1024 3408 seder
1055 3326 1167 3391 eodem

97 3471 101 3478 ·
140 3445 236 3508 etiam
257 3443 450 3527 optimorum
480 3464 707 3528 progrersuum
736 3442 824 3506 fonte
852 3442 948 3506 verba
976 3444 1168 3507 senescentis

140 3559 172 3620 in
203 3557 333 3650 exordio
361 3554 501 3622 Scleolae
529 3537 755 3642 Polybiouae,
779 3579 862 3643 quae
889 3556 975 3621 haud
1000 3557 1166 3622 minusad

140 3671 326 3736 interiorem
345 3672 598 3736 Heusdianorum
619 3692 752 3756 operum
763 3671 1008 3758 intelligentiam
1027 3673 1166 3753 iaciunt,

144 3871 327 3878 ..m—..m
334 3871 345 3877 ..

175 4007 201 4074 1)
220 4012 267 4058 Hr.
284 4024 342 4078 ouer
358 4011 392 4079 H.
412 4009 475 4058 ΟΜ.
493 4026 517 4074 p.
536 4007 602 4074 105,
627 4006 693 4074 306,
705 4007 854 4078 ,alt-32⁷
871 4014 898 4058 et
914 4010 1041 4074 Protropi.
1060 4008 1095 4058 ud
1113 4009 1167 4062 boa.

141 4104 190 4145 ort.
212 4095 286 4145 Stud.
304 4113 329 4160 p.
349 4095 390 4145 16.
816 4096 821 4104 '

175 4179 202 4246 2)
222 4183 341 4234 Ohoruct.
358 4185 444 4248 prino.
462 4181 532 4232 Pttt.
555 4189 603 4232 vet.
619 4198 643 4246 p.
662 4181 703 4232 95.
728 4184 764 4233 Gt.
783 4199 857 4248 ouprr
873 4198 897 4247 p.
914 4180 972 4232 193.

176 4267 203 4332 3)
221 4271 266 4320 Br.
284 4285 343 4318 over
358 4272 391 4320 H.
410 4270 472 4319 Oad.
490 4287 514 4335 p.
531 4267 581 4318 106
600 4273 626 4318 et
645 4268 703 4318 125.
