2875 5075
598 538 658 609 tol

111 716 319 803 perversitate
340 717 480 797 nemini,
505 718 595 783 certo
613 719 943 802 aoio,rehementius,
963 741 1060 808 quam
1076 722 1138 808 ipsi
1153 778 1158 785 .

110 832 271 911 llensdio,
291 826 506 917 displicerem.
530 832 619 897 Unus
648 832 792 896 omnium
822 835 960 899 maxime
994 834 1139 900 studium

109 942 332 1031 philosophiae
350 946 533 1011 Socraticae
551 958 583 1009 et
598 945 781 1012 Platonicae
793 946 957 1030 juventuti
977 970 1139 1013 commen·

109 1059 196 1125 davit
213 1070 246 1123 et
266 1060 429 1145 proverit3
455 1060 707 1140 hoonimirum,
731 1062 874 1128 lontibus
893 1062 1016 1143 nitens,
1048 1076 1139 1149 aptez

109 1194 175 1259 que
204 1174 405 1254 institutum,
437 1175 565 1242 maximi
589 1174 719 1240 adeam
742 1176 803 1240 rite
820 1176 1031 1242 excolendam
1044 1178 1139 1260 judi-

109 1288 208 1352 cabat
234 1290 398 1355 momenti.
444 1288 575 1355 Aditum
602 1288 642 1355 ad
669 1290 837 1366 Platonem
857 1292 930 1377 quis
949 1293 1139 1357 nostratium

108 1401 258 1495 pluribus
275 1403 498 1485 stravitlQuis
515 1404 625 1489 plores
639 1403 716 1469 huic
730 1404 925 1491 philosopho
936 1426 975 1470 ee
994 1404 1139 1471 devinxit

107 1536 237 1596 amore,
250 1516 283 1579 in
301 1538 366 1603 quo
378 1518 443 1581 reri
454 1529 541 1583 certe
553 1516 788 1583 studiumhaad
799 1517 977 1584 desideres?
988 1520 1086 1601 Quis,
1097 1542 1138 1584 no

106 1629 148 1693 de
160 1630 422 1715 scriptiadicam,
444 1631 590 1717 exemplo
599 1642 631 1697 et
642 1633 844 1698 institutione
853 1634 1013 1700 efficacius
1031 1647 1138 1701 osten-

106 1743 176 1824 dit,
197 1744 289 1824 hinc,
309 1747 343 1809 in
360 1746 503 1811 maximis
520 1748 616 1811 etiam
632 1758 663 1811 ot
672 1748 933 1832 praeclarissimis
953 1751 1138 1834 posterioris

106 1861 177 1925 aevi
194 1860 436 1947 progressibus,
452 1862 576 1927 fructus
596 1864 670 1949 oapi
682 1884 773 1947 posse
793 1863 1136 1951 egregiosldttamen,

105 1994 211 2061 Qum
226 1984 300 2039 ante
320 1974 377 2039 hos
397 1975 537 2042 sedecim
556 1998 654 2041 annos
675 1971 835 2041 Grenrero
854 1976 1084 2056 scriberet,-
1103 1992 1139 2041 ae
1173 2011 1175 2014 ·

103 2088 380 2153 Amstelodamum
410 2090 579 2171 veniente,
613 2092 765 2155 miratum
792 2112 858 2155 esse
887 2090 1141 2177 Wyttenlrachia

104 2224 184 2281 um,
202 2201 296 2267 adire
313 2204 418 2289 ipsum
435 2203 669 2270 adolescentem
692 2205 832 2270 Platonis
855 2204 987 2292 legendi
1014 2204 1140 2271 studio-

103 2337 198 2396 snm;
224 2336 310 2381 nunc
332 2327 440 2383 autem
455 2318 490 2381 in
507 2318 687 2389 Academiia
707 2320 823 2385 nostris
837 2331 876 2389 et¹
888 2318 1058 2386 Athenaeis
1073 2342 1139 2385 non

11 2494 12 2501 ,
102 2440 232 2497 tantum
250 2430 405 2497 lectiones
422 2432 734 2521 haberiPlatonicas,
750 2434 936 2520 frequentes
946 2434 1139 2500 discentium

102 2569 265 2626 numero,
287 2547 342 2612 sed
361 2544 500 2634 jungere
518 2549 614 2612 etiam
630 2571 687 2612 sna
704 2559 817 2634 sponte
828 2547 963 2631 juvenes
982 2549 1139 2628 sodalitia,

101 2662 134 2725 in
161 2661 280 2747 quibua
312 2659 478 2725 Platonem
506 2660 616 2746 legant
640 2681 750 2726 secum
772 2661 908 2726 invicem
934 2674 967 2726 et
985 2663 1140 2746 interpre-

12 2857 13 2860 ,
102 2785 217 2839 tentor
229 2795 281 2838 ι-
301 2773 381 2838 haec
398 2775 497 2860 igitur
513 2774 569 2837 illa
588 2775 741 2854 scribens,
760 2797 798 2840 ea
814 2774 958 2855 eddidit,
978 2775 1064 2858 ande
1080 2797 1139 2862 pa·

12 2879 13 2886 ἵ
103 2869 189 2968 teat,
209 2889 312 2972 ipsum
329 2889 390 2952 sibi
417 2899 582 2953 auctorem
598 2888 715 2954 horum
735 2889 845 2955 risum·
862 2911 932 2954 esse
951 2911 1011 2955 nec
1032 2889 1137 2955 selum

104 2999 167 3069 nec
184 3004 335 3088 primum.
381 3003 461 3067 llam
491 3014 523 3066 et
551 3003 790 3089 condiscipulos
807 3025 881 3069 suos
897 3006 1084 3070 memorarit
1103 3017 1137 3070 et

108 3117 283 3184 «studium
303 3118 494 3204 -inquit—
511 3116 731 3203 philosophiae
760 3118 961 3197 Socraticae,
994 3119 1137 3184 studium

107 3228 247 3299 Platonis
266 3243 299 3297 et
318 3229 502 3312 Ciceronis,
526 3229 666 3296 studium
687 3232 847 3316 inprimis
866 3231 1016 3296 historiae
1026 3231 1138 3316 philo·-

107 3346 275 3432 sophicae,
300 3348 358 3434 qui
377 3345 439 3410 hoc
460 3347 645 3423 recitaret,
678 3366 762 3408 unus
790 3355 936 3431 repertus
964 3354 1012 3408 eat
1040 3345 1137 3431 Wyt·

107 3462 330 3529 tenbaohiur.»
349 3460 374 3549 ¹)
393 3461 453 3525 llio
471 3481 547 3524 roro
567 3479 673 3525 nonne
694 3460 759 3524 rim
777 3460 856 3540 item
865 3459 978 3525 hahuit
989 3458 1031 3524 ad
1045 3480 1138 3524 sum-

107 3597 195 3641 mum
212 3575 377 3643 literarum
383 3575 546 3657 juventuti
560 3573 786 3639 tradendarum
793 3574 966 3639 consilium
974 3573 1137 3640 efficacius

107 3689 408 3757 commendandum.
454 3689 526 3770 Qua
545 3687 585 3752 de
604 3709 638 3754 re
662 3687 742 3774 quid
758 3689 919 3776 Lennepio
950 3688 1134 3779 rideretur,

108 3806 303 3892 qualemque
312 3804 366 3868 ille
377 3804 485 3894 locum
495 3801 634 3867 Heusdio
646 3802 815 3882 tribueret,
826 3803 921 3868 multi
933 3805 1037 3870 rirum
1048 3802 1133 3872 Olar.

12 3911 13 3922 ¹
108 3921 299 3987 audiverunt
316 3919 423 3986 alteris
440 3917 599 3983 ,Athenaei
631 3917 930 3983 Amatelodamensis
949 3917 1135 3983 Saeculari-

110 4132 314 4150 ...Η-...κ-

144 4289 170 4355 l)
191 4291 279 4355 Epist.
293 4290 327 4339 ed
345 4289 436 4338 Oeace.
453 4303 477 4352 p.
498 4287 537 4337 tt.
