2875 5075
604 522 644 582 tt

112 714 210 780 quam
231 693 371 779 eligebat
386 691 593 778 scriptorem,
613 692 654 758 ad
666 714 764 778 quem
783 691 1027 779 intelligendum
1044 693 1143 759 histo·

112 807 324 873 ricaesiurul
349 805 486 875 scholae,
503 805 710 893 prodessent,
733 806 932 873 Herodotum
950 826 981 873 v.
998 828 1027 873 o.
1046 806 1071 871 si
1094 829 1143 873 res

111 921 270 1000 Orientis,
296 921 444 986 eumdem
463 944 559 1007 porro
575 920 884 987 autllemostheuem
903 932 959 987 aut
976 920 1142 987 Plutarchi

111 1036 209 1099 vitam
228 1035 434 1101 illustrissimi
453 1034 620 1119 cujusdam
631 1036 750 1101 Graeci
771 1057 808 1101 ao
828 1036 984 1113 Romani,
1002 1036 1027 1099 si
1038 1036 1142 1101 Grae-

111 1171 224 1213 corum
252 1162 286 1214 et
313 1151 532 1214 Rornanorum
561 1150 728 1215 historiam
758 1149 956 1235 potissimum
977 1162 1142 1221 enarratu·

111 1281 167 1329 rus
184 1276 278 1329 esset.
298 1264 503 1349 Quamquam
512 1263 600 1329 haud
617 1264 684 1329 seio
697 1284 739 1327 au
759 1263 877 1349 duplex
897 1262 951 1327 hio
967 1285 1142 1349 agnoscen-

110 1374 190 1441 dum
220 1378 261 1443 sit
295 1388 511 1457 nomentum
546 1377 698 1443 historiae
728 1388 839 1463 utpote
886 1376 1033 1443 studiosis
1078 1378 1142 1459 sio,

110 1490 180 1575 ipso
198 1492 351 1577 magistro
370 1491 475 1572 duce,
499 1491 673 1557 cientibus
690 1490 823 1556 haurire
840 1491 1046 1561 discentibus.
1071 1493 1143 1574 Qua

111 1616 229 1672 autem.
257 1605 328 1691 ipse
352 1606 498 1691 praeibat
535 1606 570 1671 iu
598 1605 739 1695 antiquis
770 1606 965 1692 explicandis
999 1606 1142 1685 ratione,

112 1718 256 1786 eamdem
271 1730 308 1788 ut
326 1742 608 1808 persequeremur
626 1721 660 1785 iu
671 1721 906 1797 recentioribus
924 1720 1086 1807 legendis,
1111 1721 1143 1785 in

111 1845 249 1901 aetatem
277 1836 478 1922 singulorum
509 1847 542 1899 et
570 1845 711 1902 nentem
740 1848 775 1899 et
817 1834 1032 1903 ,conditionem
1067 1857 1143 1915 nos,

64 1958 67 1961 ’
112 1948 221 2034 quoad
246 1948 315 2032 ejus
340 1948 414 2014 lieri
440 1960 567 2035 posset,
611 1949 853 2032 diligentissime
877 1949 1142 2026 transterremus,

112 2062 288 2130 literarium
332 2086 494 2149 exponens
534 2065 679 2151 gentium
725 2064 941 2129 recentiorum
979 2062 1144 2129 historiam

113 2176 268 2244 suadebat
295 2189 477 2264 perpetuo,
518 2190 551 2243 et
579 2179 689 2243 multis
714 2179 937 2265 exemplorum
969 2179 1143 2265 gravitate,

70 2336 82 2349 .
112 2292 328 2377 negligentiae
348 2314 471 2357 errores
489 2294 692 2372 testantium,
722 2294 820 2380 plane
839 2292 1006 2379 persuasit.
1053 2292 1145 2373 Quae

112 2404 369 2474 dellachiavello
385 2405 588 2486 disseruerat,
600 2409 769 2476 Numanus
785 2409 979 2493 profuerunt
993 2405 1032 2471 ad
1050 2427 1145 2491 egre-

113 2519 198 2607 giam
218 2521 254 2592 iu
269 2520 462 2605 opusculum
485 2520 543 2587 dot
564 2522 734 2606 Prs'rres‘ps
751 2520 917 2588 Distrihen
940 2518 1146 2592 conscriben-

111 2634 199 2702 dum.
225 2629 255 2718 ²)
1080 2701 1082 2704 .

26 2831 32 2846 Ι
154 2747 223 2829 Qui
237 2747 283 2814 sic
298 2745 339 2810 de
355 2747 456 2811 omnis
472 2747 543 2812 aeri
558 2748 770 2815 monumentis
785 2748 1003 2834 praecipiebat
1013 2748 1145 2835 taleque

14 2906 15 2909 =
111 2862 277 2948 discipulis
295 2863 495 2946 proponebat
528 2875 673 2932 veteru·
702 2863 916 2950 legendorum
941 2867 1143 2951 exemplum,

111 2999 177 3044 nou
188 2985 316 3062 peterat
329 2999 394 3045 reon
406 2979 440 3042 iu
455 2979 569 3045 ceteris
585 2977 703 3044 scholis
720 2980 818 3060 eniti,
839 3001 883 3046 ue
899 2979 1012 3066 quida
1028 2980 1144 3066 singu-

14 3099 15 3109 ’
112 3092 221 3156 lorum
234 3112 311 3158 aeto
331 3091 427 3157 alieni
449 3091 645 3161 diversarum
661 3104 803 3161 astatur
832 3093 1015 3161 hominihus
1034 3112 1142 3178 popu·

112 3205 191 3272 lisso
211 3204 447 3271 obtruderetur.
493 3207 565 3274 Huc
584 3217 704 3293 quanto
723 3205 827 3272 studio
844 3183 991 3271 tenderet
1005 3205 1144 3272 Heusdi·

14 3330 15 3335 ’
113 3341 171 3398 us,
194 3319 347 3405 patebat,
370 3341 473 3406 quum
490 3321 557 3384 sire
570 3321 771 3387 Graecorum
788 3319 1018 3406 mythologiam
1037 3320 1144 3406 expli-

113 3455 191 3499 cans
208 3434 337 3501 fabulas
358 3457 425 3500 non
449 3434 643 3501 obscurabat
665 3435 851 3502 reconditae
867 3435 900 3500 in
920 3435 958 3500 iis
979 3433 1145 3502 doctrinae

114 3550 318 3635 suspicione,
348 3571 460 3614 verum
485 3551 599 3615 inculti
627 3551 830 3618 Graecorum
853 3551 922 3616 aeri
940 3550 1145 3636 simplicitate

14 3638 15 3663 ἶ
115 3663 318 3742 illustrabat,
331 3663 396 3727 sive
414 3665 565 3751 autiquae
583 3664 711 3728 tradens
727 3665 946 3752 philosophiae
965 3664 1143 3746 historiam,

14 3846 15 3867 2
115 3779 269 3843 eseriore
294 3776 514 3863 philosophiae
534 3779 657 3843 ratione
687 3780 733 3843 nil
763 3781 922 3844 veteribus
950 3771 1150 3846 assuendum

14 3970 15 3973 Ἴ
115 3913 183 3957 esse
210 3892 369 3973 docebat,
401 3893 466 3957 sire
494 3894 614 3958 artium
642 3893 804 3959 historiam
835 3915 1002 3973 enarrans,
1030 3891 1145 3958 sedulo

119 4115 322 4126 ann—omo...-

151 4255 178 4321 1)
197 4258 254 4309 vid.
271 4257 395 4306 llumsuui
413 4258 448 4306 nd
467 4257 613 4308 amum
627 4258 714 4320 Epist.
733 4258 859 4328 Dietrlhae
880 4254 1022 4320 praemissa.
