2875 5075
794 520 856 580 176

308 714 459 771 currum,
484 692 603 756 variam
621 691 723 769 riam,
745 688 963 755 diversitatem
988 710 1117 755 emnem
1133 686 1279 753 dilucido
1297 710 1333 755 ae

308 806 457 871 distincte
473 805 695 891 adspiciamus.
706 826 724 867 o
739 801 766 890 ¹)
797 804 835 869 In
850 802 1334 891 praeceptirlllteterr'ee‘rante

307 944 338 987 a.
364 922 452 985 1810
482 920 624 1000 traditis,
648 918 853 1007 linguarum,
875 918 917 984 de
938 919 1057 1005 quibus
1077 919 1249 1003 separatim
1270 918 1336 1004 agi·

307 1046 381 1114 tur,
401 1056 603 1119 summopere
621 1033 864 1099 commendatur
882 1032 1044 1113 studium,
1062 1033 1098 1097 in
1115 1032 1204 1119 qnod
1215 1033 1337 1119 quippe

307 1152 334 1217 si
351 1150 446 1215 multi
464 1150 670 1229 incumbere,
689 1147 717 1213 si
734 1148 863 1235 linguas
887 1148 1055 1214 observare
1070 1159 1103 1212 et
1117 1146 1335 1227 considerare,

307 1286 405 1352 quam
426 1263 566 1351 lingere,
590 1284 688 1349 qnam
714 1274 884 1349 systenrato
913 1264 1095 1349 excogitare
1126 1261 1227 1327 etad
1257 1262 1337 1327 haec

308 1380 415 1445 omnia
444 1389 661 1464 contorquere
688 1378 841 1457 mallent,
871 1398 936 1441 non
962 1386 1086 1441 tantum
1110 1377 1146 1441 in
1169 1376 1338 1463 pauciores

306 1494 487 1561 inciderent
510 1514 650 1571 errores,
673 1491 727 1557 sed
749 1492 845 1557 etiam
866 1491 976 1557 efficax
992 1490 1034 1555 ad
1052 1490 1214 1556 hominem
1232 1514 1337 1578 popu·

307 1610 420 1695 losque
436 1608 563 1695 plenius
587 1606 829 1695 cognoscendos
851 1615 883 1670 et
902 1628 978 1671 vero
996 1617 1081 1671 artes
1107 1605 1337 1693 doctrinasque

306 1722 525 1810 provehendas
544 1722 605 1787 sibi
623 1732 775 1809 pararent
791 1721 1050 1787 instrumentum.
1079 1722 1118 1785 ln
1140 1732 1337 1786 commenta-

307 1838 362 1903 riis
386 1858 484 1901 mann
502 1838 628 1923 scriptis
646 1836 747 1901 multa
772 1835 981 1900 inveniuntur
998 1856 1016 1899 e
1034 1836 1154 1922 linguis
1174 1835 1337 1901 illustrata

307 1972 466 2038 saepeque
505 1951 558 2017 hic
601 1951 671 2017 lons
709 1950 817 2016 aditur
856 1951 903 2014 rei
940 1948 1177 2015 confirmandae
1212 1952 1332 2037 gratia,

307 2090 405 2155 quam
425 2067 573 2152 scriptori
592 2065 723 2131 aliunde
740 2076 848 2131 nomm
869 2065 987 2132 videas.
1017 2064 1126 2147 Quid?
1155 2066 1246 2151 qnod
1268 2066 1336 2131 illic

307 2182 538 2247 vocabulorum
554 2180 736 2245 metreta
751 2191 784 2245 et
800 2180 984 2260 oemleeld,
997 2202 1082 2267 quae
1092 2179 1223 2245 laudato
1233 2177 1347 2245 Selia·

308 2296 361 2359 lus
376 2293 572 2360 Socraticae
594 2295 755 2360 volumine
769 2294 810 2359 ad
836 2269 1037 2359 Platonicam
1046 2294 1193 2359 idearum
1215 2293 1336 2359 doctri-

306 2432 379 2476 nam
397 2408 622 2501 illustrandam
638 2407 875 2495 afferuntur²)‚
889 2410 978 2495 prius
992 2408 1059 2492 jam
1081 2432 1112 2475 a.
1136 2412 1221 2475 1818
1239 2410 1336 2474 simili

305 2526 441 2596 consilio
472 2525 672 2611 exploratum
703 2524 870 2591 invenias?
914 2524 952 2590 ln
979 2523 1131 2590 Oratione
1150 2523 1190 2590 de
1216 2526 1337 2612 pulcri

305 2665 447 2721 umore,
477 2640 588 2706 eodem
627 2662 710 2706 anno
739 2640 968 2726 pronuntiata,
997 2641 1117 2726 pariter
1148 2640 1336 2728 linguarum

306 2757 483 2821 observatio
504 2765 657 2842 urgetur3
680 2777 819 2842 namque
840 2765 1001 2819 ‹suaturae
1017 2754 1142 2838 judicia
1155 2757 1334 2823 continent.

305 2870 360 2935 Sic
382 2869 584 2954 apparebunt
612 2869 703 2933 nobis
720 2870 755 2933 in
779 2851 1064 2935 lromine'divinae
1090 2870 1223 2956 originis
1249 2869 1336 2934 indi·

305 2987 375 3065 cia,
396 2985 492 3071 aequi
506 2983 652 3070 justique
671 3005 800 3064 sensus,
823 2985 899 3048 beni
918 2985 1052 3071 verique
1067 2985 1245 3070 appetitus,
1262 2998 1336 3051 tum

305 3121 400 3180 rere,
429 3121 494 3186 quo
525 3098 609 3164 nihil
638 3097 777 3163 dirioiue
806 3120 874 3162 esse
902 3109 1027 3184 potest,
1061 3100 1168 3184 pulcri
1203 3103 1335 3166 moralis

304 3235 406 3280 amor.
418 3236 435 3276 r)
449 3212 475 3301 3)
496 3247 536 3260 -
563 3214 647 3278 ilinc
667 3233 732 3276 non
752 3221 870 3278 temere
887 3212 966 3277 mihi
987 3212 1184 3278 concludere
1201 3214 1332 3296 videor,

304 3329 481 3394 lleusdium
499 3338 622 3392 mature
634 3327 763 3392 omnine
777 3327 938 3413 attigisse,
950 3338 999 3406 et,
1016 3340 1212 3415 augescente
1222 3350 1334 3394 rerum

304 3443 534 3527 intelligentia,
553 3441 739 3528 diligentius
761 3441 921 3527 latiusque
930 3451 1066 3508 tractare
1087 3443 1231 3529 coepisse
1249 3443 1334 3508 illud

304 3556 484 3621 studiorum
504 3577 626 3642 mnus,
651 3557 686 3621 in
709 3577 775 3642 quo
800 3577 840 3620 ne
861 3554 1036 3638 disjunctas
1055 3579 1182 3642 semper
1202 3567 1334 3643 pareret

303 3670 609 3750 animadversiones,
631 3669 685 3734 red
708 3671 822 3734 seriem
846 3669 1020 3756 aliquando
1034 3672 1199 3756 proferret
1217 3671 1333 3736 ohser-

301 3920 506 3929 ..η-..μ--σ-
