2875 5075
756 516 820 577 214

276 692 339 756 aint
362 702 394 753 ct
413 684 612 772 debeantt1)
649 688 877 754 Verumtamen
898 687 960 751 illa
976 684 1022 749 de·
1041 683 1185 749 lleuadio
1203 682 1302 772 offir-

278 828 388 868 moaae
413 824 475 867 non
503 800 630 867 suffieit.
673 802 788 865 Fontes
808 801 955 865 volumus
976 821 1105 878 eorum,
1128 819 1212 883 quae
1237 809 1303 861 tam

276 918 421 989 docendo
449 938 546 1002 quam
576 914 745 980 scribendo
771 915 971 1001 potissimum
997 913 1163 997 spectarit.
1207 912 1303 976 llunc

178 1103 189 1113 ,
275 1044 382 1097 autem
399 1031 471 1095 nori
490 1052 608 1108 unum,
626 1050 723 1114 quem
742 1050 802 1115 age
823 1028 973 1093 adeamus
991 1027 1155 1091 continuo.
1191 1026 1303 1109 Ipsum

277 1147 380 1211 virum
408 1143 572 1229 intelligo,
614 1144 668 1207 cui
694 1143 828 1207 interius
860 1142 961 1228 inque
992 1142 1137 1204 universa
1175 1135 1304 1230 risendi

277 1258 458 1345 agendique
481 1258 603 1323 ratione
626 1256 849 1343 cognoscendo
874 1253 1014 1321 noudum
1042 1275 1098 1331 ea,
1122 1273 1186 1337 qua
1207 1272 1302 1335 opor·

278 1385 344 1452 tet,
367 1372 534 1457 diligentia
555 1392 684 1455 operam
702 1369 860 1435 dedimus.

322 1602 361 1665 Et
380 1600 443 1663 alia
462 1620 555 1683 saepe
574 1600 682 1685 cogito
710 1598 841 1662 lleusdii
868 1597 972 1674 dicta,
995 1598 1030 1659 in
1050 1567 1169 1680 ouibus
1188 1591 1304 1687 adum-

279 1718 401 1781 bratam
437 1714 505 1797 ejus
533 1712 611 1777 mihi
647 1734 779 1777 cernere
815 1712 923 1776 videor
954 1710 1144 1795 imaginem,
1177 1719 1211 1771 et
1240 1707 1305 1773 hoc

279 1830 459 1915 saepissime
492 1828 636 1912 reputari
669 1828 815 1905 effatum,
856 1826 929 1891 boui
965 1824 1042 1889 ciris
1072 1821 1244 1907 primordio
1272 1822 1307 1884 in

279 1945 397 2031 pionte
427 1941 503 2020 orn,
530 1942 563 2004 in
591 1940 742 2025 discipuli
768 1940 954 2026 dirigentia,
987 1940 1020 2001 in
1041 1917 1139 2001 'amici
1169 1936 1234 1999 me
1260 1937 1306 1999 ra-

280 2070 358 2122 tere.
372 2052 398 2142 ²)
434 2056 513 2119 Nam
534 2055 580 2119 sic
601 2057 769 2119 statuentis
795 2075 855 2118 nec
882 2050 1033 2129 tritasde
1062 2052 1138 2115 ciris
1164 2050 1306 2115 bonitate

271 2162 446 2255 'opiniones
477 2190 537 2233 nec
568 2168 650 2233 mala
675 2168 849 2253 primordia
879 2167 975 2231 luisse
999 2164 1196 2250 suspicabar.
1237 2166 1306 2229 Iam

280 2284 360 2349 haec
382 2283 491 2361 nohis,
513 2282 610 2365 hujus
635 2282 727 2346 initio
755 2281 965 2367 Scriptionia,
997 2290 1128 2344 eatenus
1159 2280 1306 2343 inuolue-

281 2410 378 2476 runt,
411 2388 568 2483 quatenus
606 2396 790 2483 investigari
816 2416 907 2481 posae
930 2392 1134 2460 ridebantur.
1184 2391 1307 2473 Quodsi

281 2511 544 2598 praeceptoribus
563 2510 760 2598 discipulum
783 2531 817 2575 so
835 2508 926 2574 valde
955 2506 1193 2574 commendasse
1209 2529 1307 2593 appa·

281 2629 364 2707 ruit,
389 2637 536 2712 parentes
557 2635 680 2690 constat
697 2624 882 2710 hujusmodi
898 2625 1001 2689 filium
1019 2612 1145 2688 ornasse
1165 2623 1306 2688 testimo·

281 2742 360 2820 niis,
385 2741 503 2827 quibus
525 2739 605 2804 nihil
629 2739 759 2805 dulcius
787 2740 897 2804 liberis
924 2739 1097 2824 cariusque
1123 2758 1181 2822 per
1208 2749 1307 2802 totam
1417 2764 1421 2770 ¹

282 2855 379 2918 ritem
402 2854 570 2938 obtingere
597 2865 710 2938 potest.
752 2855 845 2918 Peter
871 2874 944 2918 eum
969 2851 1070 2916 decus
1091 2873 1185 2916 auum
1208 2864 1306 2937 atquo

282 2967 412 3032 delicias
431 2967 584 3044 vocabat,
609 2966 701 3050 cujus
721 2967 916 3052 cogitatione
933 2987 1042 3030 renem
1058 2985 1077 3030 a
1094 2986 1237 3030 moerore
1256 2986 1305 3028 re·

284 3082 385 3146 creari
415 3069 614 3146 consuevisse
643 3103 680 3146 ex
701 3081 803 3146 literis
832 3082 930 3165 ipsius
960 3080 1119 3159 intellexi3
1144 3092 1176 3143 et
1206 3089 1306 3144 mater
1368 3105 1373 3109 ·

283 3279 482 3292 ψ

280 3415 281 3419 =
316 3390 343 3456 1)
363 3393 483 3442 «Reunia
500 3392 522 3440 ia
540 3392 610 3454 recl,
629 3406 697 3440 maor
716 3390 937 3449 mauresium
957 3391 979 3438 ia
994 3391 1051 3438 niet
1063 3403 1128 3439 uena
1147 3389 1194 3438 laet
1208 3403 1308 3438 wenen-

280 3478 376 3542 lijkata.
406 3479 455 3526 llet
469 3477 616 3540 weaenlijke
630 3477 678 3539 ligt
693 3481 733 3526 ter
748 3477 896 3541 linkeraijda
912 3477 940 3525 in
957 3476 989 3525 de
1004 3475 1096 3540 borst,·
1109 3475 1154 3524 dea
1168 3475 1308 3538 menschen

281 3563 381 3612 vaurde
396 3564 430 3611 ait
447 3563 475 3612 in
491 3563 537 3612 hat
555 3563 623 3612 hart.
648 3563 766 3612 ¹llewuart
782 3562 825 3612 dit
839 3563 896 3612 rein
913 3577 945 3610 en
967 3561 1138 3611 anberlekt.»
1162 3559 1310 3609 Sicetndio·

282 3664 333 3698 eam
345 3649 513 3712 juventutem
524 3649 654 3713 Tegnqrua
663 3648 814 3712 alloquitur.
840 3647 915 3698 Vidd.
930 3647 1139 3712 comariago„
1153 3661 1204 3694 oon
1218 3648 1252 3696 E.
1265 3647 1310 3694 ra·

279 3733 347 3801 μὲν
355 3771 362 3796 ,
371 3735 415 3782 uit
429 3734 473 3781 liet
483 3733 625 3784 Zareedaclr
636 3734 756 3782 verteold
763 3733 827 3782 door
840 3732 870 3782 Δ.
886 3733 912 3782 G.
924 3732 1025 3781 lloltiua
1038 3729 1122 3794 1840,
1131 3747 1156 3796 p.
1167 3730 1210 3780 88.
1231 3731 1311 3795 Cujus

282 3820 406 3870 versionia'
426 3835 517 3869 censor
534 3819 597 3869 heco
615 3819 808 3868 animadvertit:
827 3819 882 3868 niet
903 3819 993 3868 aelden
1013 3818 1114 3867 ronden
1134 3819 1175 3881 vij
1194 3817 1266 3881 hier,
1283 3817 1308 3864 in

283 3905 441 3970 peduclum,
456 3905 540 3954 lescen
554 3921 586 3954 en
610 3905 809 3969 romaningen,
827 3919 891 3954 eene
905 3905 1030 3955 tielende
1048 3902 1244 3953 orereeukcmat
1257 3907 1311 3950 met
1337 3910 1339 3913 '

282 3992 338 4056 die,
356 3992 441 4041 wellia
453 3993 493 4054 πῇ
510 3990 693 4054 llederlundera
709 3989 837 4054 bfiionrler
854 4007 903 4041 aau
921 4007 1003 4040 onaeu
1016 3991 1071 4039 Van
1088 3989 1188 4038 llentde
1205 3989 1233 4038 in
1247 3989 1310 4051 aijua

283 4077 481 4141 voortratrelijka
491 4079 604 4126 Briaoerr
623 4092 682 4125 oum
695 4078 799 4144 Hoogar
812 4077 956 4144 Oadancijs
974 4075 1152 4137 verrehuldigd
1162 4075 1219 4138 siju.
1248 4075 1308 4122 ttae.

284 4161 328 4208 aolr
346 4161 393 4209 dar
410 4163 470 4210 lieo.
489 4150 515 4210 a]
531 4160 611 4224 1⁸41,
629 4165 670 4211 ·1t·.
691 4160 723 4224 l,
740 4176 766 4227 p.
781 4161 823 4211 41.

317 4233 345 4308 ²l
362 4248 408 4294 er.
427 4262 486 4295 coer
501 4249 534 4296 H.
559 4247 621 4297 Orrd.
640 4247 735 4306 vocale.
