2875 5075
783 538 846 601 160

302 712 507 799 quisitione'e
531 708 569 771 do
596 710 913 773 merestonam
928 709 1168 797 facultatibus
1195 733 1333 775 corent-
1424 743 1426 748 ⁴

302 849 366 911 que
380 826 590 887 consensione
603 822 650 885 ad
664 824 903 907 explicandam
918 827 1168 911 quaestionem:
1195 827 1333 911 «quae-

303 954 383 995 nam
415 941 471 994 est
494 940 625 994 mutua
657 928 887 1012 conjunctio
915 952 957 993 ac
990 931 1115 994 ueluti
1146 932 1333 1017 cognatio

302 1046 471 1111 omniurn
493 1044 634 1109 artium
658 1055 695 1108 et
718 1043 1075 1128 disciplinarumln
1089 1040 1115 1129 1)

346 1158 531 1224 lucundum
569 1169 616 1223 est
648 1180 802 1243 magnum
833 1159 937 1223 virum
972 1158 1014 1222 de
1042 1180 1110 1223 seso
1144 1159 1333 1245 loquentem

302 1273 425 1340 audire.
460 1275 530 1337 Hoc
550 1274 678 1337 nomine
694 1272 854 1337 Heusdius
872 1274 938 1337 suis
955 1294 1049 1358 saepe
1073 1284 1115 1337 et*
1127 1273 1332 1339 auditoribus

302 1401 431 1475 gratum
457 1389 536 1453 feeit
559 1400 590 1451 et
620 1388 814 1464 lectoribus,
849 1393 1010 1475 quotquot
1040 1389 1178 1452 nativam
1207 1386 1277 1474 ejus
1298 1391 1333 1452 in

301 1504 364 1569 hoo
383 1502 571 1568 difficillimo
595 1514 785 1589 argumento
802 1502 1041 1587 simplieitatem
1066 1504 1203 1580 sentire,
1225 1504 1333 1567 oonsi-

301 1618 447 1704 liumque
466 1618 649 1702 perspicere
668 1627 814 1701 poterant
826 1616 906 1681 alios
924 1638 983 1681 suo
1001 1617 1148 1701 exemplo
1166 1615 1332 1695 hortandi,

302 1732 470 1809 monendi,
505 1731 652 1797 docendi.
695 1730 816 1820 Eodem
853 1752 995 1820 quoque.
1021 1732 1149 1795 nomine
1178 1732 1332 1794 lutroitus

303 1844 592 1931 Enoyolopooolioo
611 1848 737 1930 placet,
761 1844 881 1909 ubido
906 1845 1068 1909 communi
1090 1846 1208 1909 artium
1235 1844 1333 1909 disei-

301 1960 528 2046 plinarurnque
551 1960 678 2025 vinculo
695 1972 728 2023 et
743 1960 878 2024 oonsilio
899 1977 1027 2025 suarum
1043 1961 1113 2044 ipse
1133 1971 1240 2025 narrat
1263 1960 1332 2045 opi·

302 2075 435 2159 nionum
445 2073 619 2140 historiam.
652 2053 775 2139 Mature
791 2072 871 2137 illuc
887 2074 1029 2137 animum
1049 2073 1237 2140 adverterat.
1260 2075 1332 2138 Jam
1413 2108 1417 2115 ·

302 2189 475 2254 Erasmiani
486 2189 646 2274 Gymnasii
659 2187 820 2273 discipulo
831 2187 961 2251 clintum
977 2186 1139 2252 arridebat
1150 2185 1330 2276 Ciceronis,

305 2324 441 2367 (romnus
461 2315 564 2382 artes,
589 2324 674 2389 quae
691 2301 731 2367 ad
751 2302 978 2367 humanitatem
991 2303 1188 2386 pertineant,
1212 2302 1332 2367 hahere

301 2416 464 2503 quoddam
491 2438 661 2481 commune
679 2416 843 2483 vinculum
863 2428 895 2479 et
913 2418 1005 2501 qnasi
1033 2418 1224 2507 cognatione
1251 2438 1331 2503 qua-

302 2531 375 2598 dam
407 2534 492 2598 inter
521 2553 554 2602 ee
584 2531 743 2597 contineri
773 2553 911 2597 omnes»
941 2553 999 2607 ae,
1031 2531 1108 2598 lieet
1136 2532 1266 2614 juvenis
1297 2532 1332 2596 in

302 2649 403 2712 varias
427 2647 578 2732 deinceps
610 2647 781 2712 sententias
809 2646 933 2726 ahiret,
957 2645 1200 2732 disciplinarum
1226 2658 1332 2712 tamen

302 2762 404 2846 majus
422 2760 585 2847 quoddam
609 2761 811 2846 propesitum
837 2760 898 2826 sihi
919 2760 1172 2826 animadvertere
1199 2761 1332 2826 videha-

303 2887 373 2954 tur,
395 2895 491 2960 quem
511 2885 565 2953 ut,
587 2874 643 2938 ubi
663 2873 807 2938 subsidia
826 2875 911 2938 vitae
928 2873 1095 2955 afferrent,
1111 2875 1333 2961 operariorum

302 2989 388 3074 ipsae
397 2989 520 3054 artibus
531 2988 649 3052 similes
667 2998 781 3055 essent.
805 2989 1036 3057 Verumtamen
1046 2991 1081 3053 in
1099 2991 1137 3052 iis
1149 2989 1331 3054 ordinandis

303 3115 335 3168 et
358 3115 471 3170 mutuo
501 3102 729 3167 connectendis
760 3101 931 3182 haerebat,
966 3104 1175 3190 omniumque
1201 3104 1333 3168 minime

302 3215 453 3284 historiae
472 3228 503 3281 et
519 3217 741 3304 philosophiae
759 3239 834 3283 cum
853 3219 988 3305 reliquie
1005 3219 1129 3282 artibus
1148 3217 1333 3302 disciplini-

302 3353 382 3418 sque
395 3335 550 3398 rationem
561 3355 599 3398 ae
619 3331 885 3404 necessitudinem
902 3334 1084 3418 perspicere
1096 3343 1231 3418 poterat
1260 3333 1332 3396 ldor

298 3446 444 3530 juvenile
460 3446 645 3533 inquirendi
662 3447 804 3513 studium
822 3469 880 3512 suo
899 3448 1036 3533 quiaque
1053 3447 1148 3513 modo
1164 3469 1333 3533 promore-

303 3561 381 3624 hant
392 3560 496 3640 Baco,
513 3561 700 3640 Rossarius,
725 3561 1003 3641 ll'hlomhertius,
1020 3583 1058 3626 ex
1075 3563 1194 3646 quihus
1211 3561 1332 3627 Bacom

303 3675 506 3759 praesertim,
540 3676 654 3740 mentis
694 3676 814 3761 quippe
852 3676 1019 3742 facultates
1051 3676 1107 3742 hic
1144 3677 1333 3763 diligentius

336 3928 362 3993 1)
384 3932 421 3978 tte
440 3930 693 3994 Encyolopedie.
725 3931 822 3978 Procne
837 3945 888 3977 von
909 3931 1083 3996 Wyegoorige
1098 3931 1274 3995 noooreelring
1286 3945 1334 3978 ene-

302 4022 372 4064 tront
388 4018 548 4065 'smonselten
571 4018 787 4082 sielsoeemogone
805 4031 835 4063 on
855 4017 988 4065 derzoloor
1011 4017 1266 4082 ovoreonoteoem'ng;
1293 4024 1334 4065 tor

304 4103 510 4169 beontwoorda'ng
532 4104 578 4154 der
599 4119 682 4169 oraog
702 4103 825 4151 «welhe
850 4103 877 4152 io
900 4105 937 4152 de
963 4103 1228 4166 verwentoohap,
1248 4103 1331 4150 welk

304 4189 358 4236 het
386 4190 562 4251 onderling
592 4190 735 4239 verbend
759 4189 842 4238 aller
869 4190 1012 4239 kuneten
1041 4206 1079 4238 en
1106 4189 1331 4251 wetensehap

306 4273 398 4337 peni»
