2875 5075
783 545 844 607 156

296 716 516 782 eruditissimis
538 716 612 779 viris
635 714 697 779 buc
724 738 804 801 opus
825 714 998 779 admodum
1016 696 1158 799 placuit,
1184 734 1331 800 quorum

295 833 440 909 Holtius,
467 852 561 916 «quo
580 841 727 915 ternpore
746 866 787 877 -
806 830 852 895 uit
871 868 911 879 -
929 849 1039 893 omnes
1055 828 1096 893 de
1116 826 1331 893 reformandis

295 944 474 1010 Academiis
493 966 568 1008 cum
585 942 745 1009 dedecore
766 955 800 1007 et
818 942 939 1007 invidia
955 941 1086 1027 publice
1103 942 1331 1029 interrogabu-

295 1081 385 1139 mur,
404 1057 564 1124 Heusdius
584 1078 651 1122 rem
670 1057 793 1123 hancce
809 1058 1025 1143 gravissimum
1041 1069 1158 1136 totam,
1184 1068 1223 1121 ut
1232 1058 1331 1121 Batu-

294 1195 370 1239 rum
385 1173 547 1237 bominem
561 1171 695 1237 decebat
705 1184 737 1235 et
749 1170 995 1257 philosophum,
1005 1172 1040 1234 in
1052 1172 1125 1235 luce
1138 1172 1261 1256 posuit.
1270 1192 1290 1233 o
1302 1168 1329 1256 1)

295 1288 496 1353 Scbwarrins
514 1308 589 1352 vero
613 1279 632 1354 ὁ
653 1283 834 1371 μακαρίτης
859 1286 1036 1371 plurimum
1059 1284 1141 1349 illud
1159 1286 1331 1371 populari-

295 1403 356 1467 bus
374 1404 439 1467 snis
457 1402 659 1486 maximeque
680 1398 856 1482 juvenibus
885 1399 1137 1479 commendavit,
1161 1410 1194 1463 et
1218 1401 1331 1465 iocum

295 1539 546 1584 commemorans
568 1516 609 1581 de
635 1515 826 1601 philosopho
852 1515 991 1579 multum
1017 1513 1190 1595 credendi,
1213 1537 1329 1601 parum

295 1632 436 1711 sciendi,
461 1632 567 1697 omnia
596 1628 785 1715 explorandi
812 1630 862 1693 ria
885 1628 926 1693 ad
945 1630 1133 1715 sapientiam
1158 1628 1327 1708 tendente,

295 1746 376 1811 baec
404 1744 528 1810 addidit
555 1744 774 1809 memorabilis
806 1744 920 1808 verbe:
952 1743 1139 1823 «auditote,
1168 1744 1327 1807 bonarum

294 1861 412 1925 artium
423 1858 569 1936 studiosi,
586 1859 646 1921 nisi
656 1857 812 1943 sophistas
821 1858 933 1924 audire
950 1859 1115 1923 mavultis!
1126 1880 1145 1921 o
1160 1854 1187 1944 ²)
1212 1858 1327 1921 Patriis

295 1975 396 2039 literis
433 1983 587 2037 nostrates
622 1971 705 2037 iliud
742 1972 853 2037 decori
887 1983 920 2036 et
957 1984 1145 2037 ornamento
1187 1992 1327 2036 censue-

296 2099 372 2153 runt
401 2086 563 2173 hujusque
587 2086 703 2169 judicii
731 2086 857 2151 illustre
884 2088 918 2150 in
954 2087 1068 2173 vulgus
1097 2098 1210 2151 notum
1245 2096 1327 2151 esset

296 2202 529 2279 testimonium,
551 2201 583 2268 ni
604 2202 671 2286 ipse
696 2200 911 2285 impedivisset
936 2201 1107 2267 Heusdius.
1140 2200 1203 2265 Sed
1228 2202 1326 2287 friget

296 2336 389 2381 omne
409 2314 623 2400 laudisgenus
642 2336 718 2399 prae
736 2315 837 2379 literis
856 2336 987 2395 eorum,
1005 2316 1065 2401 qni
1082 2315 1212 2379 intimos
1228 2314 1325 2379 animi

295 2451 404 2495 sensus
426 2428 567 2495 Henrdio
588 2430 781 2515 aperientes,
804 2452 843 2495 ea
866 2432 1037 2496 verborum
1060 2431 1111 2509 vi,
1129 2408 1215 2515 quae
1233 2430 1325 2493 unius

295 2546 433 2631 pecturis
451 2557 515 2624 est,
528 2567 560 2608 se
569 2544 761 2611 affirmarent
778 2568 841 2610 non
860 2545 1020 2620 doctiores
1037 2546 1141 2610 solnm
1157 2545 1214 2610 sed
1230 2546 1325 2610 etiam

294 2659 441 2724 meliores
458 2683 476 2726 a
494 2659 569 2724 libri
592 2661 731 2725 lectione
747 2660 938 2727 discessisse.

337 2767 398 2838 Hic
422 2785 528 2838 autern
553 2773 735 2838 uberrimus
758 2774 903 2840 lectionis
925 2774 1050 2839 fructus
1070 2775 1264 2862 quibusnam
1288 2794 1324 2836 er

293 2887 457 2974 scriptoris
466 2897 572 2950 mente
584 2898 750 2973 tantopere
770 2888 928 2972 optandus
939 2901 1006 2968 est,
1019 2901 1219 2974 quantopere
1231 2888 1324 2971 juve·

294 3000 388 3064 nibus
406 3001 563 3064 variarum
580 3001 698 3066 artium
719 3021 758 3065 ac
779 3001 1021 3087 disciplinarum
1043 3003 1219 3075 studiosis?
1250 3003 1325 3087 lpse

295 3115 378 3180 enirn
390 3137 422 3178 se
433 3115 568 3200 amplius
581 3114 660 3203 quid
671 3115 841 3181 scribendo
849 3129 1007 3202 spectasse
1018 3115 1114 3197 dicit,
1127 3139 1225 3204 quarn
1237 3114 1324 3203 quod

293 3241 474 3318 temporum
482 3232 666 3310 momentis,
676 3231 757 3296 illuc
766 3232 990 3312 excitantibus,
1002 3235 1240 3311 contineretur,
1252 3253 1325 3296 narn

293 3346 453 3430 inprimis
472 3367 507 3408 se
526 3345 645 3410 librum
665 3346 806 3410 scribere
826 3347 1006 3412 voluissein
1022 3367 1116 3411 usum
1123 3346 1323 3430 juventutis,

295 3680 396 3730 Crescid
411 3678 650 3728 1830.-uriam
665 3678 745 3728 aner
762 3681 813 3730 die
831 3682 931 3730 detur
949 3684 1012 3732 und
1030 3683 1140 3733 Zweek
1158 3683 1214 3732 des
1231 3682 1325 3732 bribe-

294 3781 352 3816 ren
370 3766 583 3814 Unterricbts
599 3793 634 3804 -
651 3767 923 3831 berautgegeben
942 3786 1003 3819 ron
1022 3771 1067 3819 t'b.
1081 3771 1123 3818 W.
1142 3771 1196 3822 Van
1211 3771 1325 3831 deusde,

293 3869 343 3902 oue
358 3852 413 3901 dem
423 3852 544 3902 Battum.
557 3852 624 3900 nobb
640 3853 686 3900 der
703 3856 814 3902 κινείτω
825 3856 908 3920 Auog.
922 3857 1054 3905 ddsraotst
1064 3870 1112 3904 ooo
1126 3856 1148 3903 J.
1169 3856 1260 3919 Klein,
1278 3858 1327 3904 snit

293 3941 366 3990 einer
386 3939 493 3986 Vorrede
510 3938 636 4004 bsgleitet
652 3953 699 3988 ooo
715 3939 741 3987 F.
760 3940 789 3988 id.
807 3941 833 3987 C.
853 3941 985 4004 Scbwars,
1011 3942 1164 4003 Heidelberg
1181 3942 1235 3990 und
1255 3943 1326 4006 Leip·

294 4024 332 4084 rig
350 4022 425 4071 1830.
1220 4052 1224 4056 -

328 4105 353 4170 1)
371 4109 440 4158 Orat.
462 4109 495 4158 de
513 4109 673 4158 liberalitato
686 4110 810 4176 majorum
826 4118 983 4174 nostrorum,
1003 4128 1067 4175 quoe
1084 4113 1236 4162 Actsdesrt'o's
1251 4096 1329 4162 insti-¹

294 4193 398 4240 tuendis
415 4196 591 4258 nugmrdisque
604 4197 711 4258 cognito
722 4186 779 4257 cst,
798 4195 875 4260 p..22
885 4203 917 4246 ‘et
935 4196 977 4248 68.
1074 4231 1078 4241 ·

326 4273 353 4338 2)
372 4278 486 4329 Hoidcld.
502 4282 592 4330 latro.
610 4277 695 4340 1829,
715 4297 732 4342 p
753 4280 818 4330 '818
