2875 5075
778 538 844 601 206

294 710 479 776 Christiana.
513 710 584 776 lluc
602 721 710 773 autem
730 709 855 775 delatus
878 712 987 775 locum
1006 731 1039 780 se
1062 730 1152 773 nosse
1169 708 1332 788 ostendit,

293 822 380 887 unde
402 824 473 907 jam
498 844 547 887 res
576 824 721 909 gentium
750 824 888 909 spectari
911 834 1067 909 oporteat.
1105 824 1182 888 Plus
1213 823 1331 902 nobis,

294 956 391 1025 quam
407 938 556 1025 Polybio,
581 937 689 1003 videre
706 940 880 1026 contingit,
904 939 1065 1024 ignoranti
1087 948 1120 1001 et
1140 938 1201 1001 alia
1222 938 1334 1003 multa

294 1065 326 1117 et
346 1053 456 1117 orbem
472 1052 566 1117 illum
583 1053 728 1140 gentium
745 1054 1030 1132 Germanicarum,
1050 1053 1083 1116 in
1105 1072 1171 1138 quo
1190 1053 1358 1117 celsiora'

183 1174 185 1181 '
292 1168 465 1253 principia·
480 1164 576 1254 quam
589 1168 632 1231 in
656 1168 872 1233 Orientalium
890 1178 922 1230 et
950 1168 1150 1232 Graecorum
1173 1165 1331 1252 deinceps

291 1282 681 1368 Romanorumque-'orbe
706 1282 979 1368 conspiciuntur,
993 1281 1087 1364 cujus
1114 1281 1227 1367 igitur
1245 1302 1332 1345 corr·

291 1398 499 1482 templatione
534 1408 571 1461 ct·
604 1418 679 1461 cum
712 1394 876 1482 prioribus
910 1394 1052 1473 saeculis
1087 1396 1330 1480 comparatione

291 1513 447 1597 suspicari
478 1510 608 1583 danum
645 1509 839 1574 recentiores
874 1509 1111 1573 Isomoer'tc'ti'r
1140 1510 1329 1594 ingessere

292 1622 437 1691 humano*
455 1620 710 1711 progressionem
736 1634 926 1709 potuerunt·
963 1622 1032 1687 eet
1051 1624 1105 1688 hle
1127 1625 1327 1709 nentiquam

292 1751 340 1803 est
358 1737 611 1804 subsistendum.
657 1739 798 1817 Locum,
822 1736 908 1803 urt'de
932 1738 1040 1802 ornnes
1065 1739 1101 1801 iu
1125 1748 1234 1823 partes
1255 1760 1328 1824 spe·

292 1856 461 1943 calemur,
494 1876 552 1917 uos
582 1872 743 1939 occupare
776 1864 914 1938 oportet·
927 1852 1103 1917 editiorem.
1154 1853 1327 1935 Quemad-

291 1968 423 2033 modum
444 1967 596 2053 Polybius
618 1988 635 2029 e
655 1964 768 2032 veteris
782 1966 1004 2053 philosophiae
1027 1968 1062 2030 in
1082 1968 1194 2053 primis
1212 1968 1324 2053 politi·

292 2104 349 2148 eae
372 2076 539 2169 principiis
559 2102 669 2147 rerum
699 2090 860 2168 gestarum
890 2102 1000 2146 musas
1026 2079 1147 2146 ducere
1168 2081 1322 2161 studuit,
1423 2079 1425 2084 ⁴

292 2199 338 2262 sic
354 2208 497 2263 nostrum
517 2207 584 2275 est,
602 2194 957 2261 historise'reeentioris
968 2195 1096 2280 pebitus
1113 2196 1324 2281 explicandae

292 2312 413 2398 gratis,
445 2310 635 2396 religionem
660 2308 874 2375 Christianam
901 2308 1068 2395 hujusque
1098 2312 1249 2375 naturam'
1274 2311 1322 2375 di·

291 2425 499 2512 ligentissime
515 2423 691 2490 attendere.
724 2424 791 2487 Nisi
807 2423 864 2487 ille
884 2424 1016 2509 politica
1041 2425 1097 2489 illa
1118 2424 1323 2511 philosophia

290 2534 433 2605 imbutus
458 2541 591 2620 fuisset,
622 2561 714 2604 suam
745 2539 860 2602 veteris
889 2538 1041 2603 historiae
1068 2552 1193 2625 partem
1225 2563 1322 2628 aegre

290 2651 519 2740 perspexisset,
543 2675 599 2718 nos
624 2655 684 2717 nisi
713 2653 794 2738 pasti
816 2664 849 2717 et
871 2653 1011 2717 roborati
1037 2654 1134 2718 simus
1154 2655 1322 2741 religionis

290 2767 487 2834 Christianae
514 2767 698 2853 praeceptis
726 2767 862 2853 ejusque
882 2779 1054 2852 praeterea
1074 2768 1220 2834 indolem
1249 2769 1322 2854 phi·

290 2881 422 2966 losopha
461 2881 896 2966 ratiorrejexpldrarerimus‚
931 2892 1001 2945 tum
1020 2882 1056 2944 in
1085 2881 1194 2949 medio
1211 2887 1318 2962 aero,

291 3005 360 3059 tum
378 2996 412 3057 in
432 2994 661 3079 posterioribus
683 2995 879 3079 temporibus
896 2994 1117 3078 dijudicandis·
1131 2995 1321 3062 haereamus

290 3130 418 3174 necesse
439 3107 498 3175 e'st.v
539 3109 629 3173 'Haec
649 3108 734 3172 enim
753 3119 818 3187 tam
837 3085 1017 3194 penetrarit
1033 3111 1199 3176 immores
1216 3135 1321 3198 popu·

257 3241 260 3246 ’
289 3225 405 3288 ὶοι·ιιιῑιΔ
420 3223 607 3310 quam'lste
629 3245 662 3287 se
693 3222 855 3302 extendit,
879 3222 1120 3290 haud'sir'uilior
1144 3213 1249 3307 sorno
1272 3244 1321 3289 os..
1415 3237 1419 3242 ·

288 3326 430 3416 sinemo,
461 3337 547 3402 unde
587 3358 721 3423 procera
751 3337 847 3402 arbor
876 3339 1036 3404 enascitur
1071 3339 1192 3425 patulis
1219 3359 1322 3424 opaca

291 3450 404 3529 ramis,
425 3439 617 3536 quam'h‘ripg
629 3455 732 3517 totum
741 3453 1091 3538 psnem‘termentsntt':
1115 3453 1198 3518 haec
1216 3454 1321 3539 appli-

289 3583 363 3626 cans
390 3585 456 3627 sese
477 3563 517 3630 ad
538 3567 747 3646 erectiorem,
771 3588 856 3653 quae
884 3568 918 3630 in
942 3568 1090 3654 gentibus
1117 3568 1339 3656 Germanicis·

288 3677 429 3756 latebat,
460 3677 601 3744 indolem
614 3681 632 3760 3.
652 3693 683 3744 et
707 3681 796 3745 hanc
831 3681 944 3746 elicuit
958 3693 1003 3762 ,et
1025 3682 1123 3746 sitam
1150 3680 1322 3749 hominum

288 3792 546 3879 populorumque
561 3794 740 3874 internam,
756 3795 927 3874 moralem,
948 3798 1055 3859 rerem
1073 3796 1203 3860 omnino
1222 3797 1320 3860 vitam

287 3905 367 3969 eluit
389 3918 486 3993 atque
504 3906 721 3987 confirmavit;
745 3919 792 3987 et,
816 3908 1092 3995 'quandoquidem
1105 3921 1177 3974 tum
1203 3911 1320 3974 naturi

288 4020 344 4082 sual
362 4042 395 4084 se
412 4020 535 4085 infinite
554 4032 729 4109 propagat,
753 4032 823 4086 tum
847 4023 910 4086 sim
934 4045 1001 4087 sese
1022 4022 1138 4088 tuendi
1164 4024 1320 4088 invictam

288 4133 445 4214 continet,
458 4135 538 4200 nihil
550 4137 679 4200 omnino
691 4137 888 4201 constantius
900 4137 937 4201 erl
948 4135 1178 4224 efficaciusque
1191 4141 1318 4224 generis

287 4243 417 4309 humaui
443 4248 536 4314 saluti
561 4249 783 4334 provehendae
810 4251 963 4315 inservire
982 4253 1119 4336 poterit:
1147 4250 1229 4316 haec
1254 4273 1317 4316 non
