2875 5075
788 516 830 579 tt

295 690 384 775 plina
402 700 476 753 eunt
503 687 699 773 spectanda,
734 687 838 753 rarius
864 688 1031 753 tenuiusve
1052 700 1129 751 oum
1155 685 1325 771 discipulis

295 804 534 869 communicare
555 801 670 869 solent.
715 800 780 869 Sed
803 801 1021 888 coguitionem
1046 800 1159 881 illam,
1179 812 1326 867 vetorum

295 920 488 1003 scriptorum
509 918 792 1003 interpretatione,
816 939 876 983 nec
897 916 1130 996 Goudoererii,
1160 938 1222 983 nec
1240 939 1322 996 mea,
1426 956 1427 979 r

294 1054 355 1098 nee
372 1032 471 1097 ullius
488 1030 720 1119 discipulorum
742 1042 845 1097 aetate
863 1033 958 1097 unios
976 1031 1140 1117 spectarit.
1168 1032 1322 1117 «Duplex.

295 1182 336 1197 -
358 1146 465 1230 ajebat
487 1168 600 1233 saepe,
641 1146 721 1233 quin
757 1144 900 1213 dictabat
940 1144 1140 1211 auditoribus
1161 1182 1203 1195 -·
1238 1166 1327 1211 mea-

294 1283 367 1327 rum
386 1272 444 1354 eet·
459 1260 500 1354 de
518 1262 621 1328 literis
635 1260 767 1327 Graecis
785 1258 967 1328 scholarum
986 1260 1208 1346 propositum,
1242 1260 1326 1325 alte-
1426 1258 1427 1293 r

293 1396 367 1441 rum
385 1386 422 1441 ut
441 1376 594 1441 sermonis
614 1374 732 1440 Graeci
749 1374 793 1439 ris
820 1386 853 1438 et
872 1374 952 1439 ratio
982 1385 1153 1454 teneatur,
1184 1374 1326 1439 atterum

294 1508 390 1569 vero,
411 1500 450 1553 ut
465 1490 655 1575 scriptores,
675 1508 757 1575 quos
773 1489 978 1556 tractabimus
998 1499 1030 1551 et
1048 1488 1106 1574 ipsi
1129 1508 1326 1575 wgnoscan-
1426 1516 1427 1555 l

294 1613 348 1668 tur
370 1615 404 1667 et
424 1604 646 1690 intelligantur
677 1622 790 1669 eorum
820 1602 981 1688 scripta.»
1014 1602 1149 1689 Semper
1177 1602 1326 1689 propriae
1426 1596 1427 1681 Ῐ

294 1716 492 1801 antiquitatis
510 1718 627 1783 rationi
646 1716 888 1803 patefaciendae
908 1716 1085 1802 plurimum
1114 1716 1242 1783 trihrut.
1287 1717 1325 1780 ln
1426 1686 1427 1773 l

295 1830 412 1894 vetetis
426 1831 495 1895 aeri
517 1832 704 1916 opiniones,
728 1832 761 1895 in
786 1842 926 1895 mentem
942 1830 1136 1917 scriptorum
1162 1830 1324 1897 auditores
1426 1902 1427 1905 Ἴ

294 1943 466 2010 traducere
483 1945 609 2011 assidue
628 1946 826 2027 conabatur;
851 1944 944 2025 hinc,
965 1946 1066 2013 missis
1077 1946 1236 2011 seriorum
1246 1956 1325 2012 tom·

294 2080 410 2145 porum
428 2058 585 2125 sentiendi
603 2060 834 2147 cogitandique
851 2079 981 2141 norma,
1006 2060 1169 2140 moribus,
1200 2060 1326 2125 institu-

295 2174 357 2253 tis,
381 2175 520 2259 plurima
535 2174 701 2262 expediri,
724 2194 807 2262 quae
832 2176 913 2241 mira
929 2174 1028 2261 vulgo
1049 2185 1080 2239 et
1100 2172 1240 2241 absurda
1269 2174 1327 2237 lra-

294 2288 467 2368 herentnr,
497 2290 651 2375 frequens
674 2302 743 2355 erat
762 2290 940 2369 monitum,
961 2289 1113 2375 exemplis
1135 2289 1290 2383 continuo
1308 2309 1325 2351 e

296 2423 332 2467 re
348 2404 508 2488 praesenti
528 2402 756 2469 adumbratum
771 2426 810 2469 ac
828 2404 1011 2493 probatum.
1034 2404 1086 2467 lta
1098 2415 1208 2471 autem
1224 2404 1327 2470 Heus·

295 2519 387 2585 dium
413 2529 595 2611 constanter
622 2518 792 2605 praeivisse
814 2518 1002 2606 discipulis,
1027 2518 1086 2604 ipsi
1109 2518 1202 2584 nobis
1231 2528 1327 2584 testes

296 2645 371 2700 suut
392 2633 593 2698 diversorum
611 2657 770 2702 annorum
789 2634 931 2712 alumni,
963 2655 1001 2700 ae
1022 2633 1142 2719 pariter
1169 2633 1326 2716 probant,

296 2769 380 2833 quae
401 2745 505 2832 Ampl.
537 2747 585 2815 De
603 2747 689 2812 Geer
709 2758 741 2810 et
760 2747 843 2813 Glar.
872 2749 940 2814 lien
957 2749 1020 2812 Ter
1039 2747 1080 2812 de
1095 2747 1252 2826 Platone,
1276 2759 1327 2812 at·

297 2883 408 2947 queea
425 2881 510 2944 qnae
521 2859 563 2924 de
573 2861 722 2939 Homero,
732 2860 871 2926 Hesiodo
881 2863 1062 2949 etTragicis
1079 2861 1327 2928 Graecislloott.

296 2973 374 3054 liar,
392 2973 501 3039 Eklrer
522 2988 555 3038 et
573 2995 631 3038 ran
651 2975 788 3039 Tentem
803 2976 836 3040 in
859 2997 989 3042 auarum
1017 2977 1155 3062 quisque
1174 2977 1328 3042 lliseerta·

297 3089 423 3154 tionum
467 3089 719 3176 praefationibue
753 3091 987 3176 seripserunt,
1010 3091 1042 3154 id
1070 3102 1119 3155 est
1148 3091 1328 3156 testimonia

296 3204 501 3283 confirmant,
525 3225 663 3291 quorum
684 3205 824 3291 primum
846 3227 864 3268 a
896 3216 1055 3291 postremo
1082 3205 1238 3269 tredecim
1267 3228 1328 3270 an-

296 3322 344 3385 n'is
360 3320 468 3387 distat.
514 3322 553 3384 Et
574 3341 641 3405 quo
664 3319 785 3383 certius
808 3317 970 3384 auditores
997 3319 1038 3383 ad
1060 3319 1196 3402 justam,
1229 3313 1335 3406 quain.

296 3433 451 3511 vocabat,
484 3433 646 3517 scriptoria
669 3433 917 3518 intelligentiam
935 3433 1086 3513 duceret,
1111 3433 1224 3497 ultima
1245 3435 1327 3498 vitae

296 3558 385 3634 parte
404 3547 506 3610 noluit
525 3546 565 3610 de
583 3568 620 3610 eo
637 3547 721 3611 inter
745 3542 969 3634 explicandum
989 3548 1227 3637 tantummodo,
1249 3549 1328 3616 alias

293 3660 403 3740 aliud,
428 3662 666 3747 opportunitate
687 3661 783 3740 data,
807 3679 957 3743 monere,
993 3663 1048 3733 sed
1073 3687 1149 3730 eum
1168 3665 1327 3750 interpre-

296 3776 416 3840 tatione
442 3787 633 3862 perpetnam
658 3777 855 3864 conjungere
884 3779 990 3864 eoepit
1021 3778 1061 3842 de
1080 3777 1148 3864 ipso
1171 3781 1326 3864 scriptore

296 3888 558 3977 disputationem.
582 3891 664 3957 Hine
686 3893 894 3974 Quaestiones
915 3893 1116 3972 Platonicae,
1140 3893 1326 3960 Demosthe-

196 4002 198 4005 ’
297 4027 394 4084 neae,
438 4007 581 4091 poeticae
608 4027 647 4070 ao
674 4001 837 4091 tragicae,
881 4007 1111 4087 Plutarcheae,
1141 4029 1202 4093 pro
1225 4008 1328 4072 direr-

297 4141 355 4199 so,
379 4140 476 4206 quem
500 4120 774 4206 interpretandum
790 4133 962 4202 sumserat,
987 4123 1158 4209 scriptore,
1183 4123 1325 4210 peculia-

184 4278 186 4280 -
299 4233 326 4296 ri
344 4231 423 4297 hora
442 4234 587 4302 traditae.
621 4235 807 4320 Eodemque
826 4237 958 4302 consilio
976 4231 1152 4303 istiusmodi
1168 4260 1326 4302 nonnum-
