2875 5075
687 572 688 575 Ἴ
758 503 823 565 216

277 676 336 762 ipsi
357 696 395 739 eo
414 686 558 758 tempore
584 673 669 737 baud
687 677 865 759 exoptatius
885 696 981 760 quam
1003 674 1129 737 felicius
1148 694 1206 757 per
1226 674 1298 737 reli·

277 811 357 875 quos
374 801 437 853 tres
454 798 486 851 et
505 787 635 873 triginta
655 789 736 867 vitae
753 809 862 853 annos.
886 788 955 851 Jam
975 786 1099 851 dudum
1118 787 1174 852 ille
1192 787 1298 871 magni

173 876 176 883 Ι
274 903 395 967 fecerat
419 902 572 977 feminas,
596 922 634 964 ao
653 900 861 965 libentissime
885 902 922 965 iis
940 901 1129 965 interfuerat
1148 878 1298 978 circulis,

275 1019 345 1101 qui,
366 1016 537 1081 cultiorum
557 1015 748 1079 feminarum
760 1016 953 1101 praeseutia,
975 1014 1015 1078 ad
1033 1016 1223 1100 exquisitam
1234 1037 1298 1079 ser·

275 1151 406 1193 monum
428 1130 614 1193 suavitatem
634 1141 665 1191 et
691 1129 881 1213 elegantiam
902 1129 1068 1214 compositi
1092 1139 1194 1194 erant.
1234 1130 1297 1193 An·

275 1254 405 1328 tequam
429 1263 560 1306 uxorem
590 1242 747 1323 duxerat,
771 1245 891 1326 multus
917 1242 997 1307 adeo
1016 1243 1050 1305 in
1076 1242 1298 1326 pomeridianis

276 1369 344 1421 erat
363 1355 628 1434 salutationibus,
650 1367 681 1419 et
709 1358 824 1421 crebro
850 1381 868 1421 a
901 1357 1084 1421 cultissimis
1116 1358 1299 1443 quibusque

276 1470 464 1553 Trajectinis
482 1469 523 1532 ad
534 1491 666 1535 coenrun
683 1472 852 1551 invitatus,
874 1472 1049 1557 plurimum
1061 1492 1185 1555 semper
1201 1472 1299 1535 mixto

275 1584 495 1649 delectabatur
516 1586 721 1649 convivarum
732 1586 863 1664 ordine,
882 1607 1020 1672 quorum
1039 1606 1114 1649 vero
1130 1586 1194 1647 sive
1213 1585 1299 1649 festi·

277 1702 405 1763 ritatem
431 1711 464 1763 et
490 1720 644 1776 acumen,
677 1700 742 1763 sire
769 1699 996 1764 confabulandi
1029 1697 1234 1763 dulcedinem
1269 1711 1300 1763 et

277 1814 462 1908 utilitatem,
481 1834 582 1898 quum
592 1812 660 1894 jam
673 1813 742 1895 jam
762 1813 961 1878 cohibiturae
979 1813 1148 1889 chartulae
1162 1814 1301 1881 lusoriae

276 1937 399 2003 essent,
424 1938 492 1990 tum
520 1926 697 2004 Heusdius,
723 1949 788 2012 quo
816 1928 906 1991 bonis
936 1927 1021 1991 boris
1050 1938 1216 2013 parceret,
1242 1928 1301 1992 sibi

276 2041 413 2109 abeundi
427 2051 551 2125 tempus
563 2040 672 2105 adesse
683 2040 833 2107 ducebat.
857 2042 926 2106 llac
942 2052 1049 2105 autem
1062 2040 1208 2123 jucunda
1225 2064 1300 2105 con·

275 2154 446 2221 suetudine
468 2176 533 2219 uon
562 2153 655 2218 modo
677 2154 717 2217 ad
739 2176 846 2220 veram
862 2155 1043 2239 proiecerat
1070 2155 1299 2233 urbanitatem,

275 2270 371 2337 insito
382 2270 480 2357 ipsius
496 2268 600 2335 studio
612 2269 718 2354 pulcri
735 2291 774 2335 ao
789 2268 901 2335 decori
911 2276 1172 2347 consentaneam,
1192 2269 1248 2335 sed
1265 2292 1301 2334 ea

239 2372 241 2375 ⁵
276 2384 372 2447 etiam
389 2382 516 2447 honoris
527 2364 759 2467 significatione
774 2384 876 2467 ipsam
892 2385 1044 2449 feminam
1058 2384 1211 2469 prosequi
1219 2383 1300 2449 didi·

276 2490 1303 2584 cerat,quaeuxoribus,justosuisensurigentibus,gratissima

277 2613 404 2679 evenire
425 2611 516 2678 solet.
559 2612 627 2678 lloc
658 2611 904 2680 fundamentum
925 2612 1058 2699 aliquod
1074 2614 1248 2681 constantis
1271 2625 1302 2680 et

278 2727 449 2790 crescentis
465 2727 675 2804 amoriscsse,
694 2727 794 2812 ipsius
805 2749 884 2792 uxor
901 2738 1031 2812 experta
1048 2727 1121 2793 luit.
1145 2728 1193 2794 Ac
1204 2727 1303 2793 duest

279 2839 411 2926 quidem
433 2841 490 2917 es,
513 2839 672 2919 Heusdius
700 2842 743 2904 ita
776 2840 861 2906 solus
893 2843 999 2906 virere
1027 2841 1139 2920 desiit,
1171 2853 1209 2906 ut
1238 2864 1301 2908 non

279 2977 387 3020 omnes
409 2955 468 3017 riri
489 2953 575 3016 docti
602 2975 674 3018 ase
702 2954 772 3018 fieri
801 2945 892 3040 posse
920 2967 1046 3043 putant.
1089 2955 1255 3043 Quidquid
1281 2979 1301 3020 a

278 3089 411 3134 munere
431 3078 465 3130 et
485 3067 643 3132 vanorum
663 3069 849 3134 necessitate
870 3069 1048 3136 officiorum
1075 3070 1214 3136 liberum
1234 3082 1302 3134 erat

278 3182 446 3268 temporis,
480 3180 513 3249 id
544 3202 636 3246 omne
657 3203 772 3248 coram
800 3183 939 3269 conjuge
970 3183 1140 3250 traducere
1169 3185 1301 3252 solebat.

225 3293 229 3304 '
277 3299 368 3366 Mane
385 3297 419 3360 in
440 3315 586 3364 museum
605 3317 638 3360 se
655 3317 748 3362 suum
766 3297 959 3381 recipiebam
973 3298 1101 3397 reliqua
1117 3297 1182 3364 diei
1192 3310 1302 3384 parte,

278 3430 502 3496 quaecumque
535 3410 569 3472 in
598 3409 701 3476 studia
719 3410 944 3490 incumbebat,
967 3412 1068 3496 ipsius
1092 3413 1304 3496 praesentiam

279 3523 464 3608 exoptabat,
488 3543 628 3607 quaeum
658 3525 780 3588 interea
805 3524 951 3590 nonnihil
980 3546 1164 3593 sermonum
1189 3546 1304 3590 conse*

279 3649 365 3706 reret
384 3635 542 3723 cujusque
555 3635 596 3700 de
615 3635 677 3708 boc
696 3638 792 3702 illore
810 3649 1019 3724 argumento,
1035 3639 1152 3722 judicii
1168 3641 1303 3706 sanitate

276 3742 518 3838 perspiciendo,
548 3753 738 3824 senteutiam
767 3753 957 3837 exploraret.
998 3754 1111 3841 Neque
1134 3754 1231 3819 etiam
1253 3775 1303 3819 re-

275 3867 442 3935 laxationis
463 3865 556 3932 boras
578 3867 623 3932 sio
642 3867 824 3947 dividebat,
849 3879 885 3938 ut
906 3880 939 3932 et
967 3868 1076 3935 amieis
1097 3879 1131 3936 et
1153 3868 1303 3934 atnbula·

279 3980 419 4050 tionibus
446 3991 478 4046 et
506 3981 603 4047 nullis
630 4003 694 4048 uon
720 3982 816 4050 robus
842 3981 974 4050 daretur
1005 3983 1135 4070 aliquo,
1168 3983 1303 4069 conjugi

278 4113 353 4180 vero
378 4104 434 4158 aut
461 4094 549 4161 nulla
571 4106 750 4180 superesset
765 4109 820 4163 aut
839 4119 917 4165 rara.
950 4098 1031 4164 Cum
1049 4098 1117 4186 ipsa
1136 4108 1200 4162 tam
1226 4099 1302 4162 artis

188 4257 190 4262 ,
281 4227 376 4298 quam
389 4217 520 4274 naturae
543 4207 666 4276 deliciis
683 4211 766 4294 frui,
789 4223 820 4275 et
837 4233 912 4280 vero
931 4213 1070 4282 multum
1086 4213 1195 4300 lepore
1213 4233 1301 4280 com·
