2875 5075
802 528 845 589 92

307 696 368 765 huc
391 720 444 763 ecs
469 700 601 763 caritate
627 698 733 784 ipsum
758 697 926 778 doctorum
948 698 1090 763 omnium
1114 698 1329 763 felicissimum

307 813 533 893 reddidisse»,
568 835 632 878 non
667 811 770 899 igitur
799 811 880 877 haee
907 812 1011 878 unice'
1034 834 1111 877 eum
1141 834 1331 877 commemo·
1427 869 1428 901 3

307 937 449 1007 tantem,
477 948 587 991 serum
608 928 740 1012 insuper
767 938 977 1013 exponentem
1004 927 1199 1006 audiebant,
1234 926 1330 1013 quid,

305 1038 346 1104 de
361 1042 461 1127 ipsius
479 1041 655 1120 sententia,
673 1041 723 1105 illi
740 1041 896 1105 honarum
912 1042 1030 1105 artium
1046 1040 1180 1106 studiosi
1194 1052 1333 1127 spectas·

305 1165 375 1233 sent
400 1156 604 1242 egissentque
633 1156 852 1241 potissimum,
885 1155 943 1242 qui
965 1154 1033 1237 jam
1052 1155 1245 1242 gravissimis
1263 1177 1332 1219 mu·
1427 1157 1428 1228 l

304 1269 435 1335 neribus
456 1269 662 1355 splenderent
676 1268 728 1333 vel
746 1268 836 1356 digni
853 1268 916 1335 hoc
932 1270 1104 1355 splendore
1124 1269 1165 1334 ab
1186 1270 1331 1338 omnihus

304 1396 530 1464 censerentur,
564 1385 590 1448 si
618 1384 700 1448 sorte
720 1394 905 1469 praesentes
932 1383 1072 1459 sodales,
1088 1384 1188 1471 ipsius
1214 1405 1253 1447 ex
1273 1406 1332 1449 usu
1427 1407 1428 1472 t

303 1509 336 1561 et
360 1499 577 1583 experientia,
609 1498 650 1563 ad
679 1500 763 1562 viam
792 1496 979 1597 studiorum
990 1498 1114 1563 naviter
1134 1519 1330 1584 persequen·

303 1611 394 1692 dam,
415 1612 573 1697 proficere
602 1623 769 1699 cuperent.
815 1613 855 1677 llt
883 1612 944 1677 hae
962 1611 1003 1676 de
1020 1612 1146 1697 optimis
1164 1611 1330 1697 discipulis
1427 1649 1428 1666 ι

303 1726 608 1806 animadversiones,
639 1726 824 1814 singulatim
848 1725 999 1812 deinceps
1017 1726 1214 1806 illustratae,
1239 1748 1330 1812 prae·
1427 1775 1428 1792 2

303 1840 398 1925 cipue
422 1851 530 1905 erant:
557 1841 772 1905 «incubuisse
791 1862 846 1905 eos
866 1842 989 1905 naviter
1008 1841 1043 1903 in
1063 1841 1260 1907 Graecarum
1276 1842 1332 1905 La·
1427 1855 1428 1902 t

303 1954 509 2039 tinarumque
525 1954 667 2019 studium
689 1955 874 2049 literarum,
887 1955 972 2034 ¹rel,
1001 1954 1096 2019 sicas
1115 1955 1330 2042 negligentius
1366 1966 1369 1970 ’

303 2078 513 2148 tractassent,
536 2067 633 2152 hujus
652 2070 752 2155 ipsius
775 2068 992 2156 negligentiae
1010 2080 1119 2155 postea
1141 2091 1195 2133 eos
1214 2072 1330 2155 poeni-

234 2216 245 2229 *
303 2184 401 2247 tuisse
417 2182 639 2248 vehementer:
657 2206 803 2268 —porro
822 2183 924 2249 literis
942 2184 1143 2267 conjunxisse
1164 2184 1329 2249 historiam

303 2298 393 2378 iere,
413 2298 470 2383 qui
490 2308 577 2362 recte
601 2298 938 2385 progrederenturr-
956 2297 1133 2363 industriae
1157 2299 1330 2385 plerosque
1368 2326 1372 2332 ·

303 2421 335 2475 et
363 2410 540 2475 assiduitati
571 2411 668 2497 plus,
707 2434 805 2498 quam
832 2413 962 2499 ingenio
993 2413 1161 2478 debuisse:
1194 2414 1329 2499 optimos
1427 2437 1428 2456 ἢ

302 2546 450 2613 quosque
473 2524 664 2592 lectionibus
681 2527 900 2592 Professorum
925 2526 1168 2615 diligentissime
1191 2527 1329 2593 interfu-

302 2640 382 2720 isse:
406 2640 525 2705 multos
558 2662 590 2704 se
615 2643 800 2727 cognovisse
820 2663 901 2729 quos
918 2642 981 2708 hae
1001 2644 1037 2708 in
1054 2641 1090 2706 re
1111 2642 1329 2730 negligentiae

295 2745 437 2838 ‘puderet
464 2765 589 2839 postea,
621 2777 702 2840 quos
731 2776 807 2820 vero
830 2755 1017 2843 diligentiae
1033 2758 1230 2842 poeniteret,
1255 2757 1328 2823 nul-

301 2867 349 2930 los
361 2889 369 2930 ι
380 2905 415 2918 -
435 2868 519 2932 ritae
538 2890 591 2932 eos
609 2869 795 2934 felicitatem
816 2870 959 2935 moribus
977 2871 1078 2957 magis
1097 2893 1194 2958 quam
1213 2871 1326 2936 studiis

300 2993 460 3048 assecutos
479 2982 599 3063 luisse,
621 2984 767 3071 utrisque
788 2995 896 3049 autern
915 2986 1099 3071 quempiam
1121 3007 1191 3050 eam
1216 2987 1329 3050 certis·

301 3097 379 3161 sime
414 3096 632 3183 facillimeque
667 3099 892 3185 consequiz-
912 3099 1173 3187 quibuscumque
1208 3087 1329 3187 aliquis
1415 3179 1421 3190 Ι

301 3222 383 3277 esset
401 3211 465 3275 sive
483 3212 606 3298 ingenii
621 3211 829 3278 facultatibus
851 3214 969 3277 sivein
997 3213 1152 3278 doctrinis
1173 3236 1328 3301 progres·
1383 3305 1389 3321 Ι

299 3326 405 3406 sibus,
429 3327 490 3391 nisi
505 3325 591 3390 idem
610 3348 686 3392 cum
705 3327 824 3412 pietate
844 3339 1012 3412 parentes,
1035 3339 1105 3393 turn
1128 3327 1330 3394 observantia

298 3441 487 3527 magistros,
511 3451 578 3504 tum
606 3440 670 3505 fide
691 3443 810 3507 amicos
826 3455 1016 3528 prosecutus
1035 3454 1139 3527 esset,
1162 3443 1203 3508 de
1221 3465 1261 3508 eo
1282 3444 1328 3510 nil

297 3555 405 3641 magni
422 3567 478 3619 aut
494 3555 651 3640 praeclari
673 3577 740 3621 esse
758 3557 995 3644 augurandum.
1019 3558 1098 3622 llam
1116 3568 1229 3644 pectus
1243 3569 1328 3622 est-

296 3667 402 3752 ajebat
412 3690 550 3754 porro-
567 3669 654 3755 quod
674 3669 809 3736 disertos
827 3673 924 3752 facit,
944 3671 999 3737 sed
1014 3671 1111 3737 efficit
1137 3671 1200 3736 hcc
1226 3672 1326 3751 item,

298 3783 447 3862 utnulla
477 3805 539 3848 non
572 3795 639 3848 arte
671 3784 844 3851 lectitanda
877 3808 950 3851 sere
977 3786 1179 3852 consulamus
1203 3786 1327 3852 civibus·

299 3898 433 3977 nostris,
450 3908 488 3962 ut
504 3909 535 3962 et
546 3896 634 3978 dotes
645 3900 768 3987 ingenii
782 3923 892 3965 omnes
904 3913 936 3966 et
945 3922 1170 3988 quaecumque
1181 3901 1230 3964 his
1242 3900 1327 3966 doti·

298 4012 360 4077 bus
378 4009 513 4076 assecuti
533 4034 660 4094 sumus,
685 4013 725 4078 ad
744 4015 865 4100 patriae
887 4015 1159 4101 humanitatisque
1180 4036 1327 4080 commo-

299 4123 375 4188 dum
391 4125 597 4194 adhibeamus
607 4128 790 4195 efficaciter.
815 4129 956 4195 Pectoris
970 4140 1078 4214 autem
1095 4151 1203 4194 sensus
1221 4130 1326 4194 excel-

299 4239 411 4303 siores
434 4261 500 4326 quo
534 4241 662 4308 tandem
702 4244 796 4308 modo
813 4263 817 4270 ’
832 4243 898 4308 istis
936 4243 1039 4309 inesse
1073 4255 1228 4328 possunt,
1262 4245 1322 4330 qui
1427 4238 1428 4245 '
