2875 5075
754 524 814 587 108

269 700 428 787 quomodo
459 702 594 763 ostem
621 713 653 763 ot
682 703 815 765 interni
841 698 963 779 mosidi
978 678 1202 784 philosophia
1221 717 1296 760 con·

269 816 394 879 cilios-i
423 818 559 899 potest?
609 815 688 879 Nam
719 817 917 901 pertinemus
945 834 1002 878 nos
1033 811 1075 877 ad
1102 822 1297 897 utrumque,

269 926 374 1014 eujus'
390 930 502 1016 igitur·
519 930 595 993 licet
625 950 777 1017 magnum
797 931 837 995 sit
856 928 1046 1006 discrimen,
1070 926 1298 1013 philosophum

269 1057 375 1109 tamen
390 1045 467 1108 eniti
479 1043 594 1121 decet,
614 1056 651 1108 ut
668 1064 854 1131 progressus
872 1044 907 1107 in
923 1043 1093 1128 utriusque
1112 1042 1299 1127 cognitione
1325 1068 1329 1077 ·

269 1159 386 1238 faciet,
422 1180 487 1244 quo
510 1180 619 1244 reapse
636 1158 677 1223 ed
693 1158 796 1243 ipsam
818 1158 1005 1242 sapientiam
1027 1155 1147 1223 tendat.
1181 1155 1235 1220 td
1253 1156 1298 1220 al·

266 1274 421 1337 terutrius
432 1274 734 1359 contemplationem
743 1273 922 1358 antiquitus
938 1272 1029 1335 Plato
1044 1281 1077 1334 et
1089 1271 1296 1349 Aristoteles,

266 1399 375 1473 postea
398 1388 452 1451 alii
469 1388 562 1450 nimis
582 1387 836 1472 penituerunt.
884 1385 964 1450 lude
982 1406 1299 1471 perperampugnae

267 1502 386 1565 exstitit
418 1502 559 1587 suspicio
593 1503 677 1565 inter
709 1502 880 1587 utriusque
910 1499 1022 1564 mundi
1049 1498 1305 1584 philosophiam(

267 1615 330 1679 Sed
347 1612 458 1679 eadem
476 1614 564 1680 adest
587 1615 693 1694 nulla,
719 1626 750 1679 et
770 1612 1042 1700 quemadmodum
1062 1614 1248 1677 Platonicae
1267 1624 1299 1676 et

268 1730 476 1793 Aristoteleae
503 1716 724 1815 philosophiae
747 1729 930 1793 conciliatio
949 1729 1069 1813 inipso
1088 1727 1209 1812 dispari
1228 1708 1299 1812 ejus

268 1846 389 1909 ratione
421 1844 555 1929 reperiri
583 1844 850 1929 praestantissima
877 1854 1002 1927 potest,
1034 1843 1080 1907 sic
1112 1842 1224 1907 mundi
1245 1844 1299 1906 in-

267 1960 350 2023 terni
371 1970 403 2021 et
431 1959 552 2021 externi
575 1957 775 2044 philosophia
796 1956 900 2043 redigi
920 1958 955 2019 in
974 1956 1174 2021 harmoniam
1193 1968 1300 2042 potest

267 2095 305 2137 ac
335 2072 432 2137 dehet
459 2073 607 2151 omuino,
639 2074 759 2159 quippe
789 2074 910 2151 sontem
942 2072 1062 2136 habens
1090 2076 1130 2135 in
1145 2070 1297 2151 homine,

268 2188 325 2273 qui
343 2188 411 2271 ipse
430 2206 581 2273 quoque,
599 2186 675 2251 licet
691 2186 731 2250 ud
750 2199 924 2273 utrumque
941 2186 1099 2250 mundum
1117 2172 1305 2272 pertineat,

268 2299 442 2364 dummodo
467 2322 595 2385 prorsus
613 2302 820 2380 maturuerit,
850 2311 960 2365 secum
990 2302 1148 2364 consentit
1168 2302 1299 2364 amicis-
1369 2298 1372 2303 ’

268 2416 356 2481 sime.
394 2416 478 2481 Huic
500 2426 608 2479 autem
633 2415 817 2481 harmoniae
842 2414 1075 2502 promovendae
1096 2405 1232 2501 egregie
1250 2416 1298 2478 in-

268 2532 364 2597 servit
386 2530 473 2615 juste
497 2528 682 2618 inquirendi
704 2530 889 2609 methodus,
915 2552 1013 2616 quam
1033 2529 1193 2596 Heusdius
1213 2553 1300 2594 απα-

191 2620 195 2630 ’
271 2646 364 2731 lysios
388 2667 455 2709 esso
474 2656 586 2731 putat,
612 2647 778 2710 universae
803 2645 1027 2730 philosophiae.
1042 2667 1260 2712 communem.
1272 2645 1298 2732 ¹)

267 2759 500 2844 Inquirendum
517 2779 594 2823 vero
612 2779 675 2823 non
693 2760 899 2845 promiscue,
919 2738 1136 2845 sedprimum
1152 2760 1187 2822 in
1203 2781 1299 2826 mun-

267 2872 344 2936 dum
360 2874 523 2945 internum
535 2883 659 2951 censet,
677 2893 717 2934 ne
729 2874 815 2935 omni
831 2874 880 2936 sui
899 2885 989 2958 parte
1006 2894 1070 2937 non
1083 2857 1296 2959 aequabiliter

268 2986 429 3065 excultus,
440 2987 541 3065 idest,
555 3009 594 3050 ne
607 2987 774 3052 loomonon
785 2988 840 3067 sit,
851 2990 908 3074 qui
917 2986 1143 3074 philosophum
1156 2989 1235 3075 agit.
1251 2990 1297 3072 En

266 3102 315 3166 his
327 3101 498 3188 diligenter
510 3102 657 3186 expositis
668 3121 768 3166 verae·
778 3101 870 3168 ducit
887 3103 1126 3188 metaphysicae
1138 3114 1295 3168 naturam.

264 3219 319 3282 Est
334 3216 431 3296 haec,
449 3217 522 3301 ipso
537 3217 666 3299 judice,
685 3217 829 3303 cognitio
839 3219 1007 3302 utriusque
1017 3214 1147 3295 mundi,
1161 3218 1296 3282 scicntia

265 3343 312 3396 est
331 3331 514 3396 harmoniae
534 3333 724 3410 amborum,
748 3331 787 3394 ad
808 3353 905 3417 quam
922 3353 1079 3396 summum
1097 3330 1298 3396 harmoniam

265 3445 534 3533 perspiciendam,
548 3445 768 3530 philosophiae
784 3468 860 3531 ope,
882 3446 1045 3510 huminem
1056 3446 1190 3510 tendere
1202 3468 1298 3533 opor·

270 3677 471 3686 ...m——

300 3841 325 3907 1)
345 3845 378 3892 Le
394 3843 486 3892 monde
501 3843 580 3892 morel
598 3849 637 3890 est
653 3859 717 3908 pour
740 3859 806 3892 nont
826 3848 882 3892 tout
896 3844 978 3893 entier
1001 3847 1140 3894 concentui
1160 3861 1194 3893 en
1218 3861 1299 3894 nous-

265 3932 373 3992 memes,
390 3934 417 3978 et
431 3946 496 3977 nous
513 3945 546 3978 ne
561 3929 674 3978 saurions
690 3945 724 3977 en
739 3931 872 3978 connaitre
885 3930 923 3979 les
937 3930 1111 3995 phdncmdnes
1135 3935 1163 3979 et
1179 3931 1218 3978 lca
1233 3931 1298 3995 lois,

263 4032 313 4078 que
333 4031 378 4078 per
395 4015 420 4064 le
435 4015 516 4064 meme
536 4015 645 4080 procede
668 4016 714 4078 qui
732 4031 797 4064 nous
816 4016 862 4065 tait
873 4017 1010 4066 decourrir
1023 4017 1139 4080 quelque
1153 4017 1232 4066 chose
1252 4018 1299 4066 des

265 4101 436 4165 phenomenes
450 4107 476 4150 et
488 4102 532 4151 des
551 4102 599 4150 lois
614 4102 649 4150 du
660 4102 753 4152 monde
768 4103 912 4167 physique,
928 4103 1103 4167 c'esl-h-dire,
1126 4118 1172 4168 pur
1187 4103 1299 4152 l’obecr-

264 4185 358 4233 vntion.
380 4186 464 4234 Guide
478 4189 509 4235 do
521 4189 710 4250 l'lostituteror,
729 4187 817 4236 feuille
835 4188 985 4253 periodique
1003 4187 1108 4254 publice
1124 4203 1169 4252 per
1182 4187 1300 4252 Rsphnel.

262 4271 460 4320 Lambrusehini.
480 4273 559 4337 (Boot.
583 4275 654 4322 trois.
675 4273 705 4320 de
726 4276 786 4322 Gon.
806 4274 875 4322 Avril
900 4271 982 4339 1840,
1002 4291 1027 4340 p.
1047 4272 1144 4323 thoes
1165 4271 1240 4336 221.)
