2875 5075
602 489 657 549 171

111 655 198 743 apud
218 668 341 723 veteres
357 669 488 738 natura,
511 658 551 725 do
568 660 651 743 juris
669 658 891 745 philosophiae
907 659 993 747 apud
1010 660 1140 728 eosdem

18 820 19 823 η
110 772 331 858 progressibus
345 768 391 859 ¹),
416 771 456 836 de
475 773 675 839 academicae
694 774 903 838 institutionis
920 797 1022 861 quum
1038 776 1141 839 omni-

18 930 19 933 *
111 886 170 951 hus
182 887 452 953 tumtuturotcro
462 888 778 953 convenientissimae
790 889 1058 969 natura,amhitu,
1069 912 1143 976 pro·

111 1002 233 1085 posito,
250 1022 287 1065 co
299 1002 495 1087 potissimum
507 1002 702 1082 referendis,
723 1014 757 1066 ut
772 1001 828 1065 hic
845 1002 921 1066 inde
939 1024 1002 1066 non
1015 1014 1141 1067 tantum

111 1114 276 1181 doctrinae
295 1116 386 1200 copia
397 1116 657 1196 instructus,sed
668 1115 708 1180 ad
730 1138 857 1196 omnem
869 1117 1141 1201 praetereavitae

112 1230 237 1294 cultum
259 1242 291 1293 et
311 1228 543 1295 humanitatem
569 1242 657 1295 recte
675 1231 840 1296 institutus
857 1231 999 1316 prodeat.
1024 1232 1142 1313 Quam

111 1343 250 1431 quidem¹
272 1344 502 1409 humanitatem
539 1346 669 1432 qualem
696 1346 857 1432 intelligat
885 1368 1048 1433 quamque
1078 1346 1142 1421 late

24 1458 27 1467 ’
109 1462 341 1544 interpretetur
369 1460 525 1545 scriptor,
550 1472 661 1546 sponte
686 1472 792 1545 patet,
826 1482 929 1547 quum
959 1462 1141 1531 memoratis

39 1637 42 1643 ,
112 1572 279 1657 turpibus,
304 1594 387 1658 quae
413 1594 580 1639 causarum
601 1576 741 1660 patronis
770 1573 944 1660 aliquando
976 1574 1141 1658 abjicior-2

112 1698 181 1766 tur,
195 1688 300 1766 vitiis,
321 1687 436 1753 horum
451 1688 525 1753 labe
543 1711 595 1753 eos
611 1690 852 1754 immunes-sore
873 1688 1062 1770 contendat,
1084 1690 1142 1777 qui

112 1801 151 1867 ad
176 1802 264 1868 illam
289 1788 351 1867 sint
372 1802 500 1869 eruditi.
514 1800 540 1890 ²)
1004 1791 1012 1810 ⁸

155 1917 250 1999 Quod
275 1928 384 1983 autem
407 1917 447 1982 ad
471 1918 604 2007 alteram
623 1918 935 2004 Empclopoediam
952 1920 1083 1998 attinet,
1107 1920 1142 1982 in

109 2032 471 2117 argumentmormae,
504 2032 694 2133 consiliique
714 2037 909 2117 proesentis
938 2032 1140 2111 diversitate,

108 2145 190 2210 haec
210 2148 332 2231 pariter
358 2148 532 2233 atque'illa
553 2148 616 2211 vim
643 2158 778 2212 testatur
803 2148 1012 2212 institutionis
1031 2148 1140 2227 illius,

111 2282 194 2347 quae
225 2260 371 2331 docendo
389 2261 637 2348 ,scribendoque
662 2284 705 2325 eo
736 2284 862 2347 semper
887 2262 1059 2347 spectarit,
1083 2272 1152 2341 ut,

36 2388 39 2397 ·
109 2390 337 2463 quaecumque·
362 2376 402 2439 ab
433 2377 558 2461 optimis
586 2375 654 2457 ejus
678 2376 815 2440 alumnis
837 2376 913 2441 inde
940 2378 1141 2462 susciperen-

109 2500 179 2569 tur,
208 2488 323 2557 horum
354 2492 482 2576 propria
509 2490 639 2570 fierent,
662 2490 880 2556 coalescerent
906 2491 1035 2556 omnino
1065 2512 1141 2555 curn

108 2604 311 2688 singulorum
326 2615 451 2683 mente,
477 2601 514 2670 ac'
533 2604 634 2668 libere
653 2602 768 2671 deinde
791 2615 823 2668 et
843 2624 902 2689 pro
921 2605 1140 2682 variisunius·

102 2719 269 2803 *cujusque
288 2718 495 2783 facultatibus
526 2719 610 2784 ruric
639 2741 706 2782 sese
724 2729 919 2785 exsererent.
952 2719 1140 2797 Triennium

109 2845 182 2898 aute
203 2831 324 2896 editum
354 2831 546 2918 opusculum
568 2834 600 2898 in
620 2831 792 2918 Symbola}
812 2833 1034 2921 theologicis,
1061 2856 1141 2922 quas

108 2947 321 3032 Groninganis
349 2947 547 3032 potissimum
572 2947 753 3032 theologiae
769 2949 1007 3024 Professoribus
1025 2971 1141 3034 accep-

109 3072 155 3126 tas
174 3061 359 3140 referimus,
374 3061 452 3126 haec
468 3062 668 3148 legebantur.
706 3063 869 3127 «introitu
886 3063 919 3126 io
938 3061 1152 3147 disciplinam.

109 3186 248 3255 nostram
276 3197 349 3238 vere
379 3175 570 3261 philosopho
597 3175 666 3238 fleri
694 3185 800 3258 potest
825 3186 860 3237 ut
882 3174 939 3239 diu
962 3184 1138 3241 careamus.

105 3291 250 3376 Fortasse
269 3300 374 3355 tumen
397 3289 483 3356 hunc
507 3287 599 3354 nobis
616 3286 784 3372 theologus
800 3287 957 3373 largietur
980 3288 1013 3358 io
1035 3289 1140 3354 Heus-

108 3403 154 3469 dii
184 3389 293 3469 schola
322 3401 381 3469 ,τοῦ
409 3391 636 3494 daddrppnroc
655 3401 792 3484 hujusve
824 3400 1139 3486 scriptis'eruditus.

108 3519 180 3604 Ipse
209 3519 289 3582 riam
309 3515 377 3600 jam
407 3516 607 3602 praepararit
628 3515 662 3581 in
681 3516 831 3600 Epistolis
851 3516 890 3582 de
912 3518 1140 3587 Institutione

116 3740 314 3750 ...-.--,-

142 3883 169 3951 1)
190 3888 259 3935 «lter
271 3886 400 3937 Versusser
412 3887 541 3951 —inquit
549 3887 712 3937 Mittermuier
726 3914 761 3924 —
777 3846 855 3937 sellist
866 3889 1004 3950 grundlich
1018 3887 1139 3936 classiach

108 3973 160 4022 und
177 3973 321 4022 nrusassend
338 3973 451 4035 gebildet
466 3999 501 4012 -·-
513 3975 665 4023 entwictrelt
681 3974 818 4036 geistreich
838 3976 890 4023 und
905 3975 961 4042 lrtpr
976 3974 1017 4022 die
1033 3973 1140 4021 northil-

107 4060 180 4122 dung
197 4059 243 4108 der
257 4059 524 4125 Rechtsphilosophie,
544 4061 692 4125 voraflglich
709 4061 776 4110 auch
799 4061 847 4108 mit
865 4061 1008 4110 ltrictrsicht
1028 4061 1076 4110 nus
1096 4060 1143 4125 dis

108 4145 251 4194 Antichten
265 4145 310 4196 der
324 4146 394 4196 alten
410 4146 535 4227 Vtiliter.»
555 4147 615 4197 End.
634 4147 652 4198 1.
667 4163 690 4197 a.
708 4145 791 4209 1840,
812 4146 846 4210 2,
862 4163 888 4212 p.
904 4145 956 4199 ³13
972 4162 1045 4211 seqq.

143 4228 170 4296 2)
189 4231 216 4280 P.
237 4227 295 4281 546.
