2875 5075
752 528 800 590 aa·

261 700 344 767 illud
362 700 558 765 sermonibus
581 698 757 787 usurpabat
778 702 1088 767 coramamlcissimo
1105 699 1293 780 Dellhoer,
1333 716 1338 728 ⁴

263 816 537 901 jurisprudentiae
557 815 590 879 in
617 814 790 881 Academia
805 816 985 900 Trajectina
1011 816 1199 881 Professore.
1233 814 1296 879 llic

262 942 330 994 erat
372 931 418 994 vir
455 918 719 1015 ἱστορικώτατος,
767 932 823 1017 qui
843 950 846 954 ·
869 907 962 997 antea
1002 912 1296 995 llarderorioenam'

262 1045 413 1111 historiae
441 1043 626 1109 cathedram
655 1066 719 1109 non
748 1045 844 1110 modo
872 1056 1038 1125 tenuerat,
1065 1044 1120 1109 scd
1149 1042 1291 1130 philoso-

261 1160 326 1247 pha
345 1161 455 1240 etiam,
479 1158 511 1222 id
529 1170 593 1239 est,
620 1181 700 1223 nova
719 1159 776 1224 illo
795 1172 954 1245 tempore,
971 1160 1135 1224 historiam
1154 1156 1294 1223 docendi

261 1278 382 1340 ratione
409 1274 521 1338 eximie
545 1285 734 1352 ornaverat,
759 1273 784 1361 ¹)
812 1274 935 1361 quique
968 1272 1043 1338 dein
1068 1272 1109 1337 ad
1130 1272 1295 1358 jurispru-

260 1390 402 1455 dentiam
430 1388 617 1452 tradendam
633 1388 776 1469 delatus,
799 1389 949 1476 pristinas
968 1388 1100 1453 delicias
1115 1408 1295 1473 numquam

260 1526 324 1568 non
353 1503 476 1583 coluit,
508 1502 660 1567 historiae
688 1503 866 1567 ubertatem
899 1502 1116 1582 sermonibus,
1151 1500 1293 1581 scholis,

260 1619 405 1703 exemplo
425 1638 620 1703 magnopere
641 1616 894 1696 commendarit,
919 1616 1027 1703 deque
1042 1638 1081 1681 ea
1097 1638 1172 1681 cum
1191 1612 1294 1700 praess-

260 1732 455 1798 stantissimis
474 1730 639 1817 discipulis
657 1742 727 1795 tum
746 1732 882 1795 maxime
900 1731 983 1818 egit,
1007 1751 1107 1817 quum
1123 1730 1295 1795 historicae

259 1847 362 1926 Sarii,
388 1857 492 1911 aetate
515 1846 675 1924 conlecti,
700 1844 830 1911 scholae
851 1846 1020 1931 neglectae
1034 1844 1199 1928 jacebant.
1227 1844 1296 1909 Cu-

254 1961 385 2045 jnsnam
406 1959 671 2025 consuetudinem
692 1957 873 2038 Heusdins,
893 1958 1124 2044 amplissimum
1141 1958 1296 2023 historiae

258 2077 422 2141 universae
445 2096 594 2161 campum
612 2075 795 2161 ingressus,
810 2074 911 2159 pluris
929 2074 1035 2138 lacere
1047 2085 1174 2160 poterat
1185 2074 1202 2139 l
1213 2074 1293 2138 Ute-

258 2190 354 2254 batur
382 2210 418 2254 ea
440 2190 481 2254 ab
509 2190 601 2255 initio
621 2190 689 2253 lere
721 2189 875 2275 temporis
896 2187 1082 2271 Trajeotini.
1127 2190 1202 2271 Quo
1222 2210 1293 2252 ma·

261 2306 309 2391 gis
335 2303 422 2370 illam
443 2304 612 2388 judicandi
638 2304 800 2369 solertiam
819 2325 895 2368 eum
911 2303 982 2389 pari
1000 2290 1108 2367 rerum
1127 2315 1294 2389 gestarum

259 2419 440 2507 cognitione
452 2418 669 2502 conjunctam,
679 2417 885 2512 philosophas
898 2416 968 2481 illas
980 2417 1143 2503 opiniones
1160 2417 1201 2481 de
1212 2440 1294 2504 gen·

260 2537 341 2599 tium
363 2534 458 2600 r'ebus
475 2557 538 2600 uon
561 2533 731 2620 separatim
748 2531 1004 2621 spectandis·sed
1022 2545 1097 2619 apte
1122 2532 1294 2598 nectendis

260 2671 364 2736 exque
402 2671 458 2714 sua
491 2649 623 2735 singulis
660 2659 765 2714 aetate
786 2647 1001 2735 explicandis,
1032 2659 1173 2713 mentem
1200 2649 1291 2713 illam

260 2750 433 2848 multiplici
459 2774 491 2826 et
516 2763 654 2828 lectione
676 2775 707 2828 et
725 2763 932 2828 meditatione
948 2764 1114 2830 subactam
1134 2742 1294 2828 recentioss

260 2878 414 2964 ribusque
440 2877 679 2965 historiologiae
696 2877 917 2965 progressibus
937 2879 1093 2944 intentam
1111 2878 1296 2944 admiraba-

204 2967 215 2988 Ι
260 3001 335 3072 tur,
360 3014 398 3057 sc
418 2992 561 3058 crebrius
586 2992 717 3058 Rhoerii
733 2993 782 3057 sui
798 2992 958 3057 sermones
977 3006 1075 3080 atque
1088 2992 1293 3081 consiliadu·

259 3108 331 3172 hius
355 3108 421 3193 ipse
440 3107 617 3193 expetebat.
645 3108 770 3190 Quibus
792 3107 925 3194 quidem
945 3108 1104 3187 consiliis,
1128 3108 1177 3172 uti
1193 3108 1292 3172 etiam

259 3205 351 3288 amici
381 3223 525 3308 exemplo
549 3234 646 3309 atque
676 3220 1020 3302 animadversionibus,
1044 3233 1202 3308 quantum
1232 3243 1291 3286 ac-

260 3349 391 3422 cepturu
403 3337 566 3417 referret,
578 3337 775 3423 gratissimus
789 3357 884 3422 saepe
893 3335 1098 3421 praedicarit.
1122 3335 1217 3417 Quod
1229 3357 1292 3401 au·

260 3463 324 3516 tem
342 3449 563 3537 Montesquivii
581 3451 734 3537 frequens
745 3462 813 3514 erat
823 3451 1110 3531 mentio,llboerio
1122 3450 1291 3515 vix'uotior

197 3539 199 3546 ,
259 3565 339 3628 alius
367 3565 587 3651 efficaciorque
609 3565 648 3630 ad
678 3555 778 3650 ipsius
803 3565 907 3629 studia
928 3565 1132 3650 provehenda
1153 3567 1290 3650 scriptor

258 3679 331 3745 fuit.
340 3676 369 3765 ²)
379 3679 423 3743 llo
435 3678 791 3760 disserente,lleusdius
808 3681 907 3766 magis
918 3680 1084 3766 magisque
1094 3681 1288 3766 lllnntesqni-

258 3795 382 3858 vianam
402 3793 585 3858 attendebat
605 3793 756 3861 historiae
765 3794 952 3860 divisionem
964 3796 997 3858 iu
1007 3794 1166 3874 Orientis,
1189 3796 1289 3860 Grae-

256 4043 459 4052 ——--...

293 4187 319 4254 1)
339 4192 395 4240 Vid.
414 4192 516 4240 lleusdii
533 4194 564 4240 de
579 4193 689 4241 llhoerio
702 4191 806 4241 libellus
821 4193 885 4241 inira
898 4193 1040 4243 laudandus
1059 4211 1083 4258 p.
1101 4193 1143 4244 28.
1162 4209 1217 4258 sqq.

294 4275 319 4339 2)
339 4278 374 4326 lb.
393 4295 416 4342 p.
434 4277 468 4327 2⁰
484 4295 538 4342 sqq.
