2875 5075
612 566 673 632 133

123 740 304 825 exprimere
337 736 479 804 studeret
517 728 564 803 et'
587 718 784 803 attendenda
829 732 994 805 Socratica
1026 739 1152 827 dialogi

123 854 276 932 ratione,'
294 874 359 939 qua
389 874 464 918 usus
491 852 548 917 ille
565 850 812 938 interrogando,
833 852 1046 940 inquirendo,
1078 853 1153 919 dis-

122 964 302 1054 tinguendc
326 964 547 1031 admirabilem
579 966 613 1031 in
643 966 774 1031 modum
805 966 997 1032 illustrasset
1032 969 1157 1049 omnia,

122 1081 289 1146 Platonem
305 1101 369 1145 non
388 1091 549 1168 tamquam
568 1081 711 1168 aliquem
728 1080 769 1146 de
783 1081 893 1146 schola
905 1080 1153 1168 philosophum,

124 1194 180 1259 sed
216 1206 254 1259 nt
271 1195 400 1259 ‘lumen
436 1194 679 1280 philosophiae,
714 1216 895 1281 proponere
924 1206 1111 1264 conaretur.
1126 1194 1155 1285 1)

122 1307 218 1375 Haud
240 1307 389 1389 latebat,⁴
406 1307 490 1373 hanc
520 1308 653 1395 ingenii·
671 1310 828 1375 Platonici
854 1309 978 1397 ubique
1008 1310 1157 1375 servandi

123 1423 322 1489 voluntatem
339 1423 373 1487 in
389 1424 473 1489 dam
490 1422 610 1488 ducere
627 1423 806 1510 longiorem
822 1444 921 1511 quam
938 1447 1004 1510 quo
1023 1422 1170 1511 synthe-‚
1268 1470 1270 1474 -

123 1539 188 1604 tice
206 1538 307 1603 ferret
325 1536 507 1623 explicandi
526 1538 625 1618 ratic;
658 1557 771 1603 serum
792 1538 932 1606 tenendi
949 1539 1008 1603 illd
1016 1525 1058 1603 xid
1078 1560 1154 1605 enm

124 1654 228 1741 egisse
246 1664 386 1733 constat,
405 1665 441 1719 ut
456 1652 592 1718 lectores
609 1672 675 1717 non
693 1674 732 1717 ex
749 1653 850 1738 ipsius
866 1652 970 1732 libro,
989 1664 1155 1739 tamquam

124 1790 142 1832 e
175 1766 387 1853 compendio,
421 1788 533 1853 sapere
562 1767 624 1831 sibi
651 1766 857 1847 siderentur,
890 1766 946 1832 sed
972 1767 1155 1853 praeparati

122 1880 172 1947 his
191 1881 322 1947 Issitls'e
341 1893 373 1947 et
389 1882 481 1969 quasi
499 1874 646 1946 initiati
659 1879 911 1969 quodammodo,
932 1904 969 1947 ex
986 1880 1156 1969 ipsis-dein

123 2018 244 2083 reapse
263 2006 412 2083 saperent
430 1982 559 2083 scriptis
577 1996 730 2065 Platonis.
741 1992 770 2083 ²)

166 2101 392 2170 Verum'illud
408 2122 519 2189 sapere
536 2123 554 2166 e
572 2102 724 2183 Platone,
748 2124 814 2189 qun
830 2103 1020 2187 praesertim
1041 2099 1157 2165 excels

121 2216 218 2281 lentis
235 2216 359 2303 ingenii
377 2217 591 2304 egregiaeque
608 2216 676 2303 spei
688 2214 824 2300 juvenes
841 2213 983 2282 ducendi
998 2213 1153 2287 viderem

121 2334 195 2411 tur,'
212 2330 292 2417 qnid
306 2330 507 2418 potissimum
516 2330 595 2397 boni
613 2331 789 2397 allaturum
806 2330 955 2416 sperabat
970 2326 1152 2395 lleusdiusl

120 2445 318 2512 Attendcbat
337 2448 490 2530 'tempore
515 2466 604 2524 suar
624 2444 665 2511 ad
685 2466 826 2531 quornm
853 2466 948 2509 usum
972 2464 992 2507 e
1021 2442 1153 2527 scriptis

12 2567 13 2570 ’
119 2559 187 2626 illis
206 2559 356 2625 -rnultum
384 2559 504 2645 profici
523 2581 614 2645 posse
645 2559 883 2638 arbitrabatur,
898 2559 941 2621 si
971 2555 1103 2644 quidem
1132 2577 1152 2621 a

12 2705 13 2736 1
117 2676 255 2740 Socrate
275 2685 307 2738 et
326 2671 476 2754 Platone,
499 2674 599 2760 ipsius
618 2669 841 2759 philosophiae
857 2673 892 2736 in
909 2671 1076 2737 hominnm
1092 2693 1153 2759 ge·

12 2779 13 2796 ³
119 2810 200 2854 nere
230 2788 434 2873 parentibus,
458 2809 494 2852 ca
523 2788 643 2872 optime
669 2779 890 2868 discerentur,
921 2807 1006 2874 quae
1022 2808 1154 2874 magne

12 2905 13 2928 ³
121 2925 197 2969 cum
215 2903 471 2990 gravissimarum
493 2922 602 2968 rernm
616 2899 810 2967 detrimento
828 2901 973 2967 nondum
992 2901 1067 2968 satis
1082 2902 1151 2966 sire

121 3017 227 3082 teneri
247 3018 312 3083 sive
335 3017 442 3083 curari
469 3017 639 3097 censebat,
663 3017 816 3083 nimirum
839 3015 1151 3105 quidest-philoso-

122 3131 218 3218 phie,
243 3153 308 3219 quc
324 3132 482 3218 pertineat
499 3131 655 3211 maxime,
668 3152 744 3218 .qua
771 3132 813 3195 sit
831 3132 954 3195 ratione
982 3152 1052 3216 quo
1069 3148 1151 3194 con·

122 3233 390 3312 sili02tractanda.
422 3244 545 3327 Quodsi
567 3245 608 3309 ab
635 3244 684 3308 his
704 3243 873 3330 principiis
896 3241 977 3306 inde
994 3241 1150 3307 ducendis
1240 3304 1242 3309 .

122 3362 251 3454 initium
270 3361 381 3440 fieret,
406 3360 631 3446 perceptisque
650 3359 688 3424 iis
707 3357 875 3444 praeclara
890 3355 965 3422 dein
983 3353 1151 3421 adirentur

123 3477 309 3541 recentioris
336 3475 408 3540 aevi
433 3474 579 3553 inventas
617 3485 686 3539 tum
710 3473 841 3538 demum
867 3472 937 3537 lore
959 3469 1151 3556 judicabat,

12 3629 13 3688 3
123 3601 160 3655 ut
185 3590 387 3677 philosophia
411 3589 452 3656 ad
482 3609 683 3656 communem
706 3587 915 3653 adhiberetur
934 3586 1063 3674 generis
1083 3585 1150 3651 hu·-

12 3695 13 3714 ’
122 3706 209 3771 m'ani
226 3707 376 3774 suarem
384 3702 411 3792 3)
441 3705 481 3771 ttt
495 3727 535 3770 eo
551 3702 869 3790 praecipuenemioe
884 3699 1044 3769 lleusdius
1055 3721 1151 3767 suum

124 3945 325 3958 —n———n--ua

159 4099 187 4167 1)
206 4103 269 4152 [rsit.
282 4104 349 4168 phil.
371 4103 439 4153 Ptar.
460 4101 648 4168 111,253oeq.

159 4188 188 4256 1)
208 4189 272 4239 Eod.
294 4192 334 4254 11,
352 4187 383 4254 1,
401 4187 460 4239 219.
489 4191 525 4239 Cl.
545 4190 571 4254 1,
592 4187 634 4239 71.

158 4277 188 4344 3)
207 4277 272 4330 nos.
290 4277 330 4341 11,
350 4275 382 4341 1,
400 4275 417 4325 5
434 4282 462 4326 et
480 4276 532 4339 111,
551 4273 611 4325 256.
