2875 5075
776 537 840 601 tet

289 713 406 798 scripta
438 686 573 797 legenda
603 721 672 775 turo
699 708 933 797 philosophiam
972 706 1227 795 perspiciendam
1257 704 1324 773 ad-

285 826 398 910 jurare
424 825 587 911 cupiebat.
618 824 665 890 Ile
683 824 806 889 'auxilii
829 834 992 891 momento
1015 845 1056 889 ac
1072 822 1268 888 necessitate,
1281 843 1324 886 eo

290 941 409 1005 certius
431 939 490 1005 sihi
516 948 735 1025 persuaserat,
758 948 825 1026 quo
846 939 948 1025 magis
972 938 1138 1025 vulgarem
1156 936 1323 1023 improba·

288 1054 345 1121 hat
366 1054 505 1119 Platonis
528 1052 658 1141 legendi
678 1054 844 1119 rationem.
886 1053 966 1117 Nam
991 1052 1151 1139 plurimos.
1171 1048 1323 1117 animad-

289 1179 448 1248 verterat,
466 1167 614 1254 adsuetos
631 1167 754 1256 quippe
770 1166 967 1254 synthetieae
983 1178 1166 1233 nostrornm
1180 1167 1321 1251 scripto-

290 1304 362 1349 rum
396 1282 531 1361 rationi,
566 1282 710 1348 eamdem
745 1283 782 1345 in
808 1282 942 1347 Platone
970 1281 1125 1367 suspicari
1159 1279 1320 1367 probandi

290 1395 594 1483 demonstrandique
609 1398 712 1476 uam,
737 1406 771 1461 et
787 1395 865 1460 hine
886 1416 985 1484 aegre
1009 1396 1193 1483 intelligere
1210 1393 1320 1480 phile-

290 1510 446 1597 sophnm,
470 1511 564 1595 eujus
585 1511 744 1598 analytica
773 1512 962 1597 praesertim
984 1512 1026 1576 sit
1050 1493 1117 1575 seri
1143 1507 1320 1595 indagandi

290 1623 472 1693 methodus.
513 1626 576 1694 Vel
605 1625 711 1711 potius
742 1626 813 1691 aliis
844 1626 972 1691 evenire
1008 1623 1104 1705 ridit,
1138 1622 1228 1711 quod
1243 1645 1320 1711 vex·
1423 1651 1427 1659 2

289 1750 399 1825 pertus
435 1739 506 1824 ipse
538 1739 661 1818 luerat3
694 1740 772 1826 qui,
812 1760 915 1827 quum
953 1740 1094 1825 primum
1122 1737 1186 1825 hoe
1208 1736 1317 1804 studi-

288 1872 344 1917 um
378 1852 620 1941 ingrederetur,
650 1851 763 1921 eadcm
795 1852 837 1918 de
859 1837 955 1919 eausa
980 1854 1121 1919 Platonis
1153 1852 1318 1940 dialogos,

289 1986 485 2055 quemquam
509 1967 612 2033 lihons
641 1986 695 2033 eos
716 1975 754 2033 'ct
779 1989 895 2056 magna
916 1968 997 2034 adeo
1019 1969 1183 2055 voluptate
1209 1969 1320 2054 legere

290 2081 428 2163 solitus,
462 2102 527 2145 non
557 2092 663 2148 umen
691 2081 900 2147 intellexisset
924 2083 1013 2150 satia
1028 2080 1053 2169 ¹)
1100 2081 1320 2164 Quamobrem

286 2195 479 2282 analyticam
502 2197 584 2261 nam
601 2194 773 2279 judicabat
792 2194 965 2283 diligenter
988 2194 1178 2275 tenendam,
1206 2195 1243 2259 iu
1252 2194 1319 2281 pri·
1358 2242 1365 2257 .

286 2309 412 2396 arisque
437 2320 584 2374 naturam
618 2308 872 2396 cognoscendam
896 2330 966 2375 esse
992 2308 1113 2397 dialogi
1138 2310 1319 2390 Platonici,

287 2442 418 2508 prorsus
445 2421 602 2499 diversam
630 2446 649 2489 a
677 2422 862 2510 syntheticis
891 2425 1086 2512 plerumque
1100 2425 1320 2510 posteriorum

289 2539 624 2620 commentationibus,
641 2540 748 2605 forma
768 2540 942 2626 colloquii,
958 2551 1122 2627 tamquam
1143 2538 1324 2606 adventitio

289 2664 422 2733 ornatu,
445 2652 584 2733 indutis,
609 2665 721 2719 contra
738 2655 779 2718 in.
793 2675 832 2719 eo
850 2655 1005 2740 positam,
1029 2667 1069 2721 nt
1085 2656 1151 2720 sint
1176 2654 1324 2720 dramata

287 2764 497 2851 philosopha,
521 2767 700 2846 interioris,
723 2769 898 2834 etlooratis
915 2769 1086 2850 methodo,
1103 2768 1323 2856 indagationis

291 2877 498 2964 philosophae
514 2880 628 2965 plena,
652 2891 793 2946 mentem
814 2883 898 2947 inter
920 2883 1094 2971 legendum
1112 2885 1320 2951 continenter

289 2992 437 3058 acuentia
458 3004 491 3056 et
509 2993 549 3057 ad
571 2993 798 3080 cogitandum,
822 2997 1068 3084 inquirendum,
1085 2997 1323 3082 judicandum,

289 3106 368 3192 quin
389 3106 619 3193 explorandum
637 3120 738 3174 semet
756 3109 876 3195 ipsam,
903 3113 1081 3180 incitantia.
1093 3110 1131 3200 ²)‹
1155 3115 1247 3178 Haec
1265 3114 1325 3199 qui

287 3241 352 3288 uon
370 3221 506 3289 assecuti
522 3232 629 3288 essent
641 3272 652 3303 „
673 3223 814 3310 ncgahet
832 3246 928 3311 porro
946 3227 1047 3314 ipsam
1072 3249 1190 3314 capere
1209 3237 1245 3292 et
1267 3227 1323 3292 di-

246 3349 248 3354 ’
286 3332 434 3416 judicare
463 3357 555 3421 posse
582 3337 724 3403 Platonis
752 3337 1006 3425 philosophiam,
1037 3363 1228 3428 perperam,
1251 3342 1324 3428 ipso

287 3445 417 3529 iudice,
439 3449 482 3512 ab
495 3450 689 3516 Aristotelen
716 3453 793 3518 inde
818 3475 896 3546 aero
922 3456 1046 3542 saepius
1065 3455 1247 3522 doctrinam
1265 3456 1324 3522 ha·

288 3558 389 3642 hilam
410 3561 660 3628 siveseientiom
679 3567 825 3651 poetilius
847 3570 913 3633 suis
938 3581 1149 3638 constantem.
1183 3572 1241 3637 Sic
1258 3581 1323 3656 sta·

289 3673 395 3738 tuenti
416 3675 557 3740 Hensdio
578 3678 657 3743 utile
675 3679 844 3747 videbatur
859 3683 1037 3749 istiusmodi
1056 3684 1154 3750 edere
1169 3685 1324 3773 disquisi-

289 3786 409 3866 tiones,
434 3789 568 3875 quihus,
585 3792 686 3856 missis
703 3794 799 3879 plane
819 3799 1006 3863 recentioris
1022 3799 1092 3864 aeri
1114 3799 1324 3885 opinionibus

290 3899 602 3990 philosophandiqne
624 3926 753 3988 norma,
773 3909 888 3995 -ipsanr
916 3911 1056 3978 Platonis
1084 3912 1325 4001 philosophiam

290 4065 487 4086 ----

295 4190 298 4198 ›
326 4161 353 4224 1)
373 4166 491 4218 emron.
505 4173 592 4234 ptine.
608 4175 682 4224 Plta'l.
700 4181 750 4228 oet.
767 4192 793 4242 p.
813 4174 870 4231 lte.
942 4141 947 4148 Ι

325 4245 353 4310 2)
370 4250 415 4301 llic
428 4255 535 4306 conferri
547 4272 641 4323 operae
660 4263 772 4325 pretium
783 4269 823 4315 est
841 4269 888 4316 nr.
908 4285 967 4323 over
983 4272 1019 4322 H.
1034 4272 1099 4323 Oui.
1113 4273 1161 4323 er.
1180 4271 1248 4322 XVI.
