2875 5075
763 522 808 587 co

272 694 486 761 monstrabat:
519 705 551 759 et
574 695 714 781 partium
740 692 839 759 studii
861 705 1046 759 commenta-
1068 693 1236 779 pellebat,
1267 705 1303 757 ut

274 810 326 873 rel
346 821 507 875 contemto
523 810 616 875 toties
635 830 674 874 uc
691 806 770 874 diris
787 829 888 895 paene
906 807 1217 874 devoto-lelamiemo
1227 808 1304 872 suae

274 935 457 989 constarent
476 923 608 990 laudes:
628 934 660 987 et
677 923 795 993 virium
825 923 996 989 moralium
1018 924 1064 987 in·
1081 924 1177 988 rebus
1199 945 1303 1009 popu·

274 1038 380 1103 lorum
400 1038 465 1103 rim
483 1032 690 1125 'spectandam
704 1036 822 1102 dabat:
845 1049 878 1101 et
896 1038 932 1101 in
947 1036 1080 1103 historia
1104 1036 1203 1102 medii
1231 1038 1302 1101 aeri

274 1174 339 1217 non
354 1154 459 1221 colum
481 1151 750 1223 necessitudinem
775 1173 851 1217 cum
877 1152 1057 1217 recentiore
1089 1162 1215 1232 aetate,
1248 1150 1304 1217 sed

274 1265 307 1330 in
327 1267 437 1353 primis
461 1267 606 1352 gentium
623 1260 890 1333 Germanicarum
907 1287 926 1330 e
944 1266 1095 1332 barbarie
1119 1264 1162 1332 ad
1177 1266 1305 1332 cultum

274 1381 549 1467 progressionem,
589 1380 762 1446 nobiliores
788 1402 888 1468 quam
913 1391 1058 1445 veterum
1095 1400 1305 1466 sensus-pro-

272 1496 460 1582 rectiusque
468 1496 634 1583 ingenium
646 1495 829 1575 exhibebat,
839 1517 923 1583 quae
931 1495 1076 1582 quidem,
1084 1494 1304 1562 ubiGlrristiu·

263 1630 315 1673 nu
337 1610 542 1695 potissimum
572 1609 728 1697 religione
756 1609 909 1695 explicita
937 1611 1054 1673 sensim
1082 1620 1305 1697 ostentatque

273 1720 420 1805 firmata,
445 1746 610 1790 sacrorum
630 1724 815 1810 pepererint
835 1725 1118 1789 commutationem
1138 1736 1172 1789 et
1192 1724 1240 1789 sic
1255 1724 1306 1788 ei·

274 1837 433 1919 iecerint,
450 1849 486 1903 ut
502 1839 601 1925 ipsine
619 1838 784 1926 religionis
799 1845 996 1904 momentum
1010 1838 1051 1904 ad
1065 1860 1193 1903 omnem
1210 1839 1304 1925 cogi·

273 1950 362 2017 teudi
391 1952 574 2040 agendique
597 1953 754 2017 rationem
781 1951 905 2017 inlicite
930 1951 1169 2038 provehendam
1194 1952 1308 2017 valere-

272 2078 381 2154 queat.
408 2064 410 2069 ’
1108 2049 1113 2056 ”

316 2182 379 2247 Sed
416 2194 596 2269 opportune
621 2184 704 2247 vires
740 2182 831 2270 attigi
867 2183 1023 2263 morales,
1066 2183 1190 2269 quippe
1220 2204 1303 2268 quas

271 2295 431 2361 Heusdius
448 2296 560 2363 sedulo
575 2320 753 2390 memorare
770 2298 898 2364 soleret.
928 2299 1050 2361 Harum
1065 2318 1126 2383 ope
1142 2307 1303 2383 quantum

271 2410 486 2496 perfecerint,
508 2411 622 2476 herum
641 2411 822 2477 delectione
844 2422 1044 2499 quantopere
1063 2411 1098 2475 in
1115 2412 1208 2497 pejus
1228 2432 1303 2475 rue·

272 2525 337 2590 rint
353 2537 484 2613 genter,
508 2526 713 2592 disertissime
734 2525 930 2595 declarabat.
965 2527 1004 2592 In
1022 2526 1155 2592 historie
1171 2525 1302 2590 omuino

176 2649 179 2654 ’
245 2715 247 2718 ,
269 2641 358 2706 velut
380 2641 415 2705 in
433 2641 565 2726 speculo
584 2640 781 2706 cernendum
802 2642 994 2727 praebebat,
1016 2663 1112 2706 omne
1135 2640 1299 2706 felicitatis

270 2764 467 2823 momentum
485 2755 518 2819 in
538 2755 615 2818 boni
629 2756 769 2840 positum
787 2776 855 2819 esse
866 2755 1012 2843 justique
1029 2755 1153 2835 studio,
1167 2753 1301 2832 nullas,-

167 2949 177 2968 „
270 2889 355 2955 quoe
372 2867 449 2933 hinc
469 2889 533 2934 uon
548 2869 710 2934 alerentur
727 2881 760 2933 et
777 2880 942 2957 tamquam
958 2892 1092 2936 succum
1108 2881 1141 2934 et
1169 2870 1304 2958 sangui·
1341 2862 1348 2901 ³

269 3004 343 3046 uem
363 2981 541 3063 ducerent,
566 2983 711 3068 sufficere
733 2983 773 3048 ad
795 2983 962 3060 hominum
978 2986 1189 3072 gentiumque
1204 2987 1298 3050 salu-

270 3107 334 3162 tem
353 3097 505 3163 tuendam
524 3099 646 3186 ingenii
664 3098 787 3166 landes.
832 3100 883 3164 Ab
900 3099 951 3164 bis
973 3100 1120 3166 omnibus
1137 3097 1302 3165 lucileal-

267 3209 331 3276 tius
349 3210 584 3292 adscendebat,
618 3213 708 3277 utin
735 3211 870 3279 historia
892 3213 1039 3278 Divinam
1064 3216 1161 3278 etiam
1191 3214 1303 3278 Prori-

267 3323 408 3392 dentiam
425 3327 615 3398 attenderet.
661 3327 757 3410 Quod
779 3328 835 3394 ubi
853 3314 1007 3414 optolit,
1031 3340 1171 3394 mentem
1189 3329 1300 3415 erigit,

267 3439 324 3504 ubi
349 3441 479 3527 inepte,
510 3443 621 3506 meris.
639 3463 709 3506 eum
735 3443 848 3530 implet
867 3446 1085 3523 commentis,
1116 3465 1201 3530 quae
1224 3443 1299 3508 telis

267 3575 319 3620 ces
335 3566 410 3618 sunt
428 3555 636 3641 praedicendi
652 3557 771 3643 quibus
779 3559 883 3623 serius
901 3559 992 3624 ocius
1004 3559 1113 3624 evellit
1123 3558 1298 3624 veriuntur.

265 3668 406 3754 Ineptias
426 3681 537 3746 auteur
560 3671 730 3758 intelligo,
757 3671 893 3759 quando
906 3695 963 3738 nos
978 3675 1015 3741 in
1037 3673 1217 3739 nullie‘non
1234 3672 1295 3754 bo-

265 3784 389 3850 minum
408 3786 668 3874 populorumque
680 3787 776 3852 rebus
796 3787 1036 3873 interpretanda
1051 3789 1206 3854 sumimus
1217 3810 1298 3854 con·

264 3899 336 3964 silia
354 3898 480 3980 divine,
506 3911 537 3966 et
561 3900 676 3968 horum
695 3902 968 3968 accuratissimam
997 3903 1164 3968 scientiam
1185 3901 1297 3966 vendi-

264 4023 384 4095 tamns,
415 4015 472 4080 ubi
501 4027 608 4082 nostra
635 4017 780 4102 ipsorum
815 4027 848 4080 et
878 4017 1084 4102 popularium
1113 4028 1297 4089 nostrorum

264 4147 360 4192 causa
388 4131 515 4216 agitur:
539 4153 577 4198 uc
598 4132 623 4194 si
635 4151 699 4197 nou
711 4140 851 4216 praestet
861 4130 1011 4218 iis,quae
1021 4131 1195 4198 inbistoria
1212 4157 1296 4222 quo·

264 4262 330 4327 que
340 4263 513 4329 agnoscere
526 4247 602 4311 licet
611 4297 620 4326 ,
630 4246 671 4312 ad
683 4245 779 4312 [idem
790 4245 882 4312 evehi
893 4257 926 4311 et
935 4249 1171 4316 venerationem
1182 4248 1299 4330 Illius,
