2875 5075
592 524 654 585 115

109 714 164 759 sna
187 690 375 777 conjectura
385 694 582 761 illustratum
595 694 799 763 existimaret.
812 694 837 783 ¹)
862 696 917 763 Sic
937 697 1053 791 sensim
1071 694 1143 761 etto·

108 807 571 895 colligebat‘emendationum
600 820 809 896 apparatum,
844 831 941 896 quem
966 809 1140 897 aliquando

107 922 140 986 in
167 922 333 1008 publicam
363 924 508 989 notitiam
534 924 678 1009 perterre
713 925 834 989 interea
856 923 943 991 band
967 925 1141 1014 cogitabat.

101 1038 150 1103 Ut
170 1035 300 1101 tandem
323 1038 499 1125 cogitaret,
527 1037 703 1103 honorifica
719 1037 799 1103 lecit
819 1038 1022 1105 luidensium
1045 1041 1144 1107 Cura·

108 1162 218 1216 torum
244 1152 278 1215 in
309 1152 421 1216 studiis
449 1151 517 1237 ejus
546 1154 736 1238 praesertim
761 1153 934 1219 Platonicis
953 1153 1142 1238 adjuvandis

108 1265 348 1346 munificentia,
390 1267 444 1331 cui
471 1265 570 1353 quid,
603 1265 747 1333 decursis
776 1268 886 1353 spatiis
920 1267 1141 1348 Academicis,

15 1404 16 1407 ¹
108 1380 232 1468 gratius
257 1381 429 1467 aptiusque
458 1393 627 1466 reponeret
652 1403 752 1469 qnam
779 1403 1009 1469 progressuum
1037 1383 1142 1469 speci·

107 1496 260 1575 mensio
285 1517 323 1560 eo
349 1506 544 1581 occupatum
567 1508 599 1561 et
627 1498 784 1583 scriptore
811 1509 843 1563 et
862 1498 1027 1583 scriptoris
1049 1498 1142 1564 illus·

108 1608 215 1675 trandi
244 1621 382 1697 genere,
411 1609 500 1697 quod
526 1612 652 1699 accepti
681 1611 831 1677 beneficii
847 1623 982 1677 naturae
998 1613 1141 1698 proxime

108 1724 322 1790 conveniret?
361 1725 476 1811 ltaque
505 1706 795 1800 animadversiones
820 1725 910 1806 illas,
934 1725 1040 1793 denuo
1065 1750 1143 1794 exa·

106 1840 265 1919 minator,
300 1840 414 1925 partim
443 1838 561 1919 edidit,
591 1839 679 1907 haud·
703 1841 852 1927 neglecto
883 1840 1141 1922 Ruhnkeniano,

106 1954 141 2019 id
169 1964 237 2033 est,
271 1974 309 2018 eo
338 1954 610 2040 interpretationis
642 1966 819 2041 apparatu,
840 1976 937 2042 quem
953 1968 990 2023 ut
1010 1954 1141 2021 beidam

106 2068 306 2155 migraturus
322 2068 380 2133 ille
394 2070 620 2155 potissimam
641 2066 807 2135 laboribus
825 2072 890 2135 suis
911 2070 1142 2155 complectere·

106 2195 182 2263 tur,
208 2181 325 2247 diserte
341 2192 567 2269 exoptaverant
586 2184 766 2251 Curatores.
783 2180 811 2271 ²)
841 2184 948 2271 Atque
964 2184 1045 2251 bueo
1063 2206 1139 2270 pro·

104 2299 148 2363 be
169 2296 308 2363 tenenda
324 2309 419 2377 suut,
442 2318 483 2361 ne
500 2296 696 2379 Heusdium,
719 2320 826 2385 quem
852 2299 903 2363 vel
929 2298 1020 2365 nullo
1037 2298 1139 2365 Cura-

103 2425 216 2481 torum
245 2412 352 2477 lavore
383 2423 532 2477 ornatum
559 2411 692 2499 aliquod
716 2434 944 2504 progressuum
973 2414 1138 2499 specimen

103 2526 275 2592 editurum
298 2526 397 2590 luisse
422 2525 562 2612 largior,
596 2547 765 2610 perperam
793 2535 899 2603 umen
923 2526 1138 2598 existimemus

14 2717 15 2740 ἦ
102 2640 191 2706 illud
217 2636 258 2714 de
287 2639 443 2704 industria
467 2638 645 2704 elaborasse
680 2648 712 2702 et
744 2638 869 2722 publici
893 2637 977 2722 juris
1001 2640 1136 2720 semeso,

14 2743 16 2772 ⁵
104 2753 195 2842 quod
219 2753 288 2838 ipse
308 2774 347 2816 eo
369 2764 512 2839 tempore
534 2773 693 2818 summurn
710 2753 745 2816 in
762 2751 868 2818 studio
884 2754 1027 2821 Platonis
1042 2775 1137 2839 praa.
1211 2767 1219 2784 ·

105 2870 270 2955 cipueque
287 2866 497 2952 spectandum
511 2865 721 2950 judicaverit.
741 2868 816 2941 ¹lloo
828 2877 1017 2934 tumuerunt
1035 2879 1136 2950 essm,

14 3027 16 3064 .
105 3004 205 3072 quam
230 3001 305 3046 nera
333 2991 414 3044 esset
440 2981 548 3066 opinio
576 2979 662 3044 idem
690 2982 881 3067 suspicantis
901 3004 919 3046 e
940 2984 1036 3048 variis
1067 2983 1137 3069 ejus

14 3099 16 3126 ³
105 3096 320 3182 posteriorum
345 3117 502 3174 annorum
533 3095 567 3158 in
594 3095 760 3160 Platonem
781 3095 995 3179 conjecturis,
1018 3109 1075 3160 aut
1098 3119 1137 3163 ex

14 3265 15 3302 ἰ
105 3209 224 3296 insigni
254 3210 438 3295 voluptate,
466 3229 564 3294 mam
593 3207 731 3294 scriptor
758 3207 953 3272 Initiorum
984 3209 1136 3294 pbiloso-

102 3325 209 3412 pltiae
227 3305 432 3390 Platonicae
448 3335 481 3386 et
497 3319 636 3388 Scltolae
655 3319 850 3388 Socraticae
867 3323 980 3387 elusis
999 3322 1138 3408 diligen·
1259 3392 1261 3396 ,

107 3439 188 3505 tiore
206 3438 470 3524 interpretatione
481 3449 537 3503 aut
549 3434 770 3501 emendatione
788 3459 807 3500 a
830 3457 863 3500 se
883 3436 1039 3522 expeditis
1060 3457 1137 3523 per-

107 3555 215 3640 cipere
226 3551 355 3618 solebat.
379 3552 496 3618 Contra
508 3549 698 3638 significarit
714 3551 801 3636 ipse,
813 3549 1017 3635 hujusmodi,
1037 3551 1136 3639 quale

108 3667 254 3734 editurus
267 3681 353 3747 erat,
367 3667 521 3753 opusculo
533 3665 657 3732 aditum
667 3663 890 3730 tantummodo
903 3687 1032 3746 eorum,
1052 3655 1136 3755 puae

107 3805 229 3850 summa
254 3793 417 3862 censeret,
440 3779 719 3866 percipiendorum
737 3778 896 3864 patefieri.
910 3775 936 3866 ³)
972 3779 1036 3846 Sed
1050 3780 1135 3864 ejus·

141 4081 169 4156 l)
187 4092 268 4142 Praei.
285 4108 311 4158 p.
328 4093 385 4144 111.

142 4175 169 4243 2)
188 4180 249 4230 llud.
266 4195 291 4244 p.
307 4179 367 4229 xm
386 4183 502 4243 utsupra
521 4181 545 4243 p.
565 4175 607 4227 28.
693 4193 696 4200 ’

143 4263 170 4330 a)
190 4265 250 4314 uae.
269 4282 294 4331 p.
312 4265 399 4314 xxiv.
