2875 5075
615 554 677 616 211

136 747 249 793 musas
265 726 482 813 peculiaribus
493 725 581 789 libris
599 711 823 811 exposuerunt.
836 725 862 812 1)
890 728 1050 807 lleusdio,
1069 731 1164 816 siqui

134 842 179 906 ab
192 842 262 927 ipso
281 839 501 918 dissentirent,
522 861 587 904 non
601 840 731 905 omnino
746 840 999 925 inexspectatum
1016 842 1164 907 accidere

134 966 281 1041 poterat;
301 954 429 1018 suarum
440 954 524 1017 enim
537 954 723 1039 opinionum
734 954 863 1018 tenebat
874 976 892 1018 a
905 957 1080 1020 multorum
1096 957 1164 1041 pla·

137 1071 211 1135 citis
228 1069 488 1155 discrepantiam,
506 1072 540 1133 in
553 1070 671 1155 quibus
683 1081 718 1134 ut
733 1068 950 1153 ipsebabebat
960 1070 1049 1156 quod
1065 1070 1166 1153 libere

136 1182 440 1269 reprehendendum
457 1182 636 1266 judicaret,
660 1184 703 1247 ita
715 1200 758 1246 'se
779 1184 904 1247 canetis
921 1204 1186 1267 persuasurum,.

115 1318 313 1383 ,onrnesque
337 1296 429 1377 illos,
462 1316 600 1383 quorum
626 1297 660 1361 in
690 1298 804 1361 animis
831 1296 947 1381 placita
973 1318 1010 1360 ea
1042 1296 1164 1362 radices

137 1412 298 1497 egissent,
322 1406 431 1475 secum
451 1409 591 1476 facturos
613 1432 700 1490 esse,
723 1409 857 1475 credere
875 1411 904 1474 ei
924 1410 1010 1488 baud
1033 1412 1162 1478 licebat.

136 1525 218 1591 Inde
240 1546 303 1590 non
325 1536 448 1590 tantum
472 1525 542 1610 ejus
561 1522 704 1589 studium
725 1535 836 1611 repeto
856 1526 977 1589 eximiis
991 1524 1165 1608 juvenibus

131 1638 319 1717 scribendi,
341 1638 396 1703 sed
417 1660 453 1703 ea
470 1638 563 1703 etiam
575 1628 769 1724 interpretor
786 1638 875 1718 loca,
889 1660 991 1724 quae,
1012 1651 1165 1724 quantam

136 1754 173 1819 in
200 1751 248 1817 bis
276 1775 365 1838 spem
399 1754 593 1832 collocaret,
623 1753 792 1838 perspicue
824 1752 1006 1819 ostendunt.
1055 1754 1166 1822 Veluti

138 1868 335 1932 Initioram
354 1868 516 1931 volumine
534 1866 647 1947 tertio,
675 1865 716 1930 de
740 1865 962 1951 philosophiae
982 1868 1126 1933 Graecae
1147 1890 1166 1932 a

137 1982 272 2046 Platone
284 1981 431 2045 excultae
443 1979 608 2059 ubertate,
631 1980 745 2045 nostris
757 1981 953 2065 temporibus
964 1980 1164 2061 adhibenda,

137 2096 266 2174 dicens,
281 2088 416 2178 jurense
435 2095 587 2160 continuo
605 2106 771 2160 memorat.
810 2096 890 2159 Nam
911 2097 1075 2168 «ueterani
1093 2094 1167 2180 pbi-

138 2209 264 2295 losophi
276 2209 468 2295 -inqnit-
485 2218 646 2294 quotquot
658 2207 789 2303 quidem
808 2209 904 2272 alieni
921 2210 1130 2274 lereiuerunt
1148 2232 1166 2274 a

138 2322 254 2388 studiis
268 2322 356 2387 hisce
376 2344 436 2387 nec
452 2344 469 2385 a
488 2334 596 2387 tenera
613 2320 687 2386 inde
705 2334 808 2386 aetate
823 2322 905 2386 hanc
923 2322 1167 2409 philosophandi
1262 2376 1265 2381 .

139 2438 296 2502 rationem
310 2435 541 2522 degustarunt,
560 2457 656 2522 aegre
672 2457 705 2498 se
716 2435 851 2500 trabi'ad
861 2435 919 2500 hos
929 2437 1031 2499 fontes
1042 2439 1167 2521 sapien·

138 2554 204 2618 tiae
223 2552 407 2638 patiuntur;
424 2550 559 2634 juvenes
579 2569 672 2646 vero,
693 2548 812 2635 quibus
830 2550 944 2614 naturl
962 2551 1045 2613 inest
1063 2549 1167 2635 pbilo-
1245 2585 1249 2590 -

139 2665 252 2751 sopbia
270 2663 448 2751 quaedam,
464 2677 499 2731 ut
510 2663 625 2742 semel,
640 2661 701 2726 bac
719 2663 842 2748 ingenii
857 2664 1019 2750 animique
1034 2655 1167 2749 integri·¹

141 2790 226 2857 tate,
239 2799 276 2843 ex
293 2776 342 2841 bis
354 2788 485 2842 naturae
504 2777 646 2841 lontibus
663 2775 857 2857 hauserunt,
869 2775 1060 2842 incredibile
1077 2777 1167 2843 dictu

140 2902 208 2969 est,
230 2901 266 2956 ut
282 2892 422 2977 vigorem
442 2891 517 2955 inde
533 2889 660 2956 trabant
680 2889 845 2985 condano,
864 2893 997 2979 aptique
1016 2892 1168 2977 deinceps

64 3091 68 3096 Δ
140 3005 220 3071 fiant
237 3007 302 3070 sive
324 3004 363 3070 ad
384 3003 675 3091 philosophandum
692 3005 756 3068 sive
772 3003 812 3068 ad
825 3005 951 3070 nullum
970 3029 1034 3070 non
1049 3008 1168 3070 artium

142 3131 175 3183 et
205 3118 423 3185 doctrinarum
460 3141 562 3205 genus
591 3130 622 3182 et
656 3117 827 3183 colendum
857 3131 889 3184 et
914 3119 1166 3204 provehendum.

142 3232 238 3316 Quod
270 3243 417 3318 expertus
452 3231 601 3320 equidem
631 3253 688 3316 per
717 3251 810 3294 omne
839 3230 900 3295 boc
932 3244 1056 3317 tempus
1076 3255 1166 3311 sum,

144 3369 210 3433 quo
228 3347 461 3434 philosophiam
473 3337 572 3411 ¹illam
599 3347 784 3431 antiquam,
806 3345 1006 3432 maximeque
1031 3345 1170 3412 Socrati·

143 3483 214 3527 cam
233 3473 265 3526 et
292 3463 489 3528 Platonicam
516 3461 677 3547 generosis
697 3459 952 3536 adolescentibus
970 3460 1127 3526 tradidi.»
1140 3458 1167 3545 ²)

147 3703 348 3714 -n--n-u--u

180 3849 205 3917 1)
223 3851 249 3901 t.
268 3851 295 3901 C.
313 3851 348 3900 lle
369 3853 483 3913 Greure,
502 3853 532 3900 a'n
550 3849 680 3898 ontwoord
695 3863 725 3912 op
746 3848 776 3897 da
801 3851 913 3897 Brimo
938 3863 986 3896 oon
1010 3851 1058 3898 den
1079 3853 1171 3917 Hoogt.

146 3939 197 3988 Pa.
221 3939 259 3988 W.
283 3937 335 3986 Van
351 3937 470 4000 Haueris,
490 3936 612 3984 lanceam
629 3933 660 3990 da
674 3933 868 4000 wederlagging
885 3949 936 3981 oon
954 3935 998 3982 laet
1016 3935 1093 3984 dorda
1116 3937 1174 3985 daal

145 4023 192 4073 der
208 4021 372 4074 Socratiaclsa
386 4021 529 4072 Sohund·
544 4021 592 4070 rt.
610 4019 647 4068 W.
662 4019 714 4066 Van
726 4019 844 4082 Beseda,
855 4018 886 4067 de
895 4019 1058 4068 Socmtisclse
1068 4021 1173 4085 Sclool,

146 4109 236 4159 vierde
263 4108 333 4171 deal,
360 4107 399 4156 da
420 4107 669 4170 Metcplryrs'ca,
696 4103 778 4152 codar
807 4103 946 4170 tragaliclst
969 4119 998 4152 an
1026 4106 1174 4158 beowdaeld

145 4193 210 4246 door
230 4196 253 4244 J.
274 4194 463 4244 llienwenbnir.

181 4279 208 4345 2)
226 4281 252 4330 Ρ.
270 4278 294 4329 8.
322 4280 425 4328 cffiBr.
449 4294 508 4328 ovar
528 4279 572 4326 bat
590 4276 722 4338 taenara
737 4275 782 4324 der
801 4276 886 4342 wijag.
908 4291 933 4339 p.
953 4273 988 4324 59
1002 4282 1028 4326 et
1046 4279 1072 4327 in
1086 4280 1174 4344 primis

910 4360 967 4427 lt*
