2875 5075
14 58 19 175 i

14 178 16 289 ἒ

14 298 16 339 t

14 396 15 469 i

603 512 642 573 91

14 700 16 781 p
99 682 260 770 quidquid
280 682 430 769 pulcrum
455 694 502 747 est
529 692 564 746 et
591 681 760 747 honestum
788 683 978 763 othonum,
1003 685 1147 783 narratis.¹

14 794 16 853 i
97 800 214 863 Nostra
240 797 340 883 igitur
358 796 515 877 amicitia,
536 819 623 861 amor
644 808 752 861 noster
771 799 812 862 sit
831 810 908 883 opto
933 806 1129 885 perpetuum

97 925 141 992 et,
157 919 261 999 quum
280 932 340 997 eqo
359 910 420 976 hae
438 909 479 975 de
498 911 561 975 rito
580 909 766 991 decessero,
788 922 858 976 tum
876 934 931 977 ros
953 912 1052 997 hujus
1072 915 1132 978 eti·

100 1049 152 1090 am
171 1026 381 1090 memineritis
407 1024 524 1104 horae,
554 1026 806 1111 memoriamque
831 1033 935 1091 meam
955 1038 1046 1112 grute
1061 1028 1133 1093 ani·

100 1162 153 1205 mo
172 1140 283 1205 colatis
298 1149 373 1225 opto
395 1140 569 1205 futurum.»
589 1136 660 1227 ,1)-
677 1141 734 1205 His
750 1140 868 1208 auditis
882 1188 893 1221 ,
909 1142 1010 1207 effusa
1024 1160 1133 1223 omnes

14 1250 16 1347 ζ
103 1255 307 1319 exsultabant
317 1255 458 1334 laetitia,
482 1276 520 1319 eo
532 1255 653 1340 quippe
664 1276 697 1319 se
708 1274 783 1319 oum
791 1254 932 1319 Heusdio
946 1254 1134 1338 conjunctos

103 1369 277 1433 sentientes
301 1369 451 1473 rincplo,
483 1368 569 1455 quod
591 1350 681 1433 nulla
700 1386 855 1455 umquam
869 1378 955 1435 actm
971 1367 1135 1454 disruptu-

14 1496 15 1533 ῑ
104 1506 139 1547 ra
159 1493 253 1547 esset,
297 1483 502 1569 Quamquam
520 1480 617 1567 hujus
638 1482 874 1566 conjunctionis
896 1483 963 1547 vim
984 1482 1083 1547 iidem
1101 1502 1136 1549 se

14 1670 16 1709 q
103 1595 260 1683 postridie
285 1596 415 1661 demum
443 1597 569 1683 penitus
597 1598 779 1683 percepisse
804 1597 1007 1677 fatebantur,
1031 1598 1135 1662 Heus·

103 1711 158 1778 dio
189 1734 208 1776 e
240 1710 394 1777 cathedra
421 1710 461 1775 de
491 1713 531 1777 iis
563 1721 731 1791 narrante,
765 1733 850 1798 quae
866 1712 966 1798 ipsius
981 1713 1016 1775 in
1037 1712 1135 1777 rebus

14 1872 16 1909 c
103 1825 209 1912 pridie
237 1824 431 1891 ecciderunt.
459 1826 569 1891 «Tum
587 1824 1135 1911 euim-inquiunt-audirimus,

14 1914 16 2023 i
103 1952 304 2027 quantopere
321 1962 377 2005 nos
405 1938 578 2027 diligeret,
601 1939 659 2027 qui
677 1959 773 2005 verae
794 1951 921 2007 nocuae
938 1941 1035 2008 saluti
1053 1963 1135 2006 eon-

103 2055 241 2136 suleret,
264 2056 402 2141 optimus
421 2054 581 2139 magister,
627 2056 743 2123 Verbis
764 2056 897 2142 quidem
918 2055 1051 2123 affectus
1076 2078 1135 2120 ex-

14 2234 15 2249 }
103 2170 246 2255 primere
281 2191 344 2234 non
387 2166 575 2256 possumus,
623 2170 680 2255 qui
713 2181 783 2248 tum
801 2198 804 2203 ·
822 2172 966 2236 animum
1004 2170 1136 2236 subiere

102 2293 250 2347 nostrum
262 2284 482 2369 ,gratissimoe
502 2286 592 2367 Quae
604 2285 688 2349 enim
696 2283 855 2349 Heusdins
865 2296 974 2349 mente
984 2286 1135 2364 volverit,

101 2396 157 2461 alii
179 2397 307 2481 exejus
328 2399 470 2465 oratione
491 2398 764 2477 facileeffieient,
789 2399 907 2464 sentire
916 2405 1013 2478 reio,
1030 2400 1136 2485 iisque

100 2511 233 2596 penitus
265 2511 386 2592 imbui,
417 2512 466 2576 illi
491 2517 665 2598 potuerunt
684 2522 829 2590 tantum,
861 2512 920 2598 qui
935 2513 1047 2598 ipsum
1066 2522 1136 2578 tum

14 2615 15 2620 ¹
99 2636 132 2690 et
174 2622 368 2689 audiverunt
398 2624 557 2690 dicentem
587 2637 620 2690 et
652 2637 847 2690 commotum
875 2625 1135 2712 adspexerunt.»

100 2737 202 2820 Quod
228 2750 335 2803 autem
362 2759 437 2803 eum
457 2759 549 2804 verse
567 2741 709 2826 ipsomet
726 2740 821 2807 soluti
841 2741 1009 2807 consulere
1028 2752 1133 2807 stetu·-

103 2863 220 2931 erunt‚
250 2852 280 2916 ei
297 2852 345 2918 rei
366 2851 464 2918 fidem
489 2853 619 2919 firmare
638 2855 689 2919 rel
704 2855 807 2937 haec,
831 2857 1134 2943 quammobrem,

102 2965 183 3041 horu
199 2977 336 3054 poterat.
381 2968 461 3034 Nam
484 2979 729 3057 praeceptorem
746 2972 812 3036 uon
834 2973 932 3038 unice
954 2971 997 3036 de
1011 2972 1138 3056 jucun·

14 3161 15 3166 ἵ
104 3079 233 3146 diesim
256 3102 390 3167 vespera
422 3096 621 3163 narrantem,
650 3105 688 3150 ac
716 3084 920 3170 profitentem
938 3085 1137 3168 audiebant,

14 3215 15 3228 ³
107 3215 233 3282 «saepe
248 3216 282 3261 se
306 3195 538 3262 observantiam
564 3206 597 3260 et
625 3197 793 3262 caritatem
818 3197 1053 3282 discipulorum
1079 3221 1135 3262 ex·

106 3321 341 3394 pertenuem,
372 3309 430 3374 sed
452 3321 576 3378 tanturn
596 3331 757 3391 amorem,
781 3313 939 3398 quantum
964 3332 1056 3376 nuno
1079 3333 1137 3376 es-

107 3435 216 3509 pertus
251 3435 354 3504 esset,
393 3442 570 3511 numquam
605 3447 639 3489 se
671 3425 828 3511 suspicari
863 3442 978 3492 nsum
1014 3425 1137 3507 tuisse3
1206 3517 1209 3523 Ι

110 3653 309 3666 ψ-σι

138 3807 168 3876 1)
185 3811 226 3861 Sic
238 3811 376 3862 Hensdinm
394 3809 479 3878 patrio
495 3826 612 3866 sermono
625 3813 742 3864 loentum
754 3829 809 3867 esse
825 3814 1017 3880 ewilbrinkii,
1033 3816 1089 3880 qui,
1103 3817 1141 3865 t'e·

107 3902 208 3948 sedne
224 3887 369 3963 proximus,
385 3900 451 3949 heae
467 3895 573 3966 queque
587 3901 761 3968 praeceptoris
773 3901 851 3951 verbe
871 3903 981 3951 nuribus
999 3901 1101 3952 uem
1112 3905 1141 3950 et

108 3997 165 4034 mox
177 3985 273 4050 scripto
288 3985 466 4050 mondaverat,
484 3985 566 4036 literis
580 3989 700 4052 cognovi,
715 3988 794 4054 panto
812 3993 871 4054 pest
888 3986 921 4038 ad
936 3987 1137 4050 euphrasius·

109 4068 187 4136 datis,
205 4071 393 4138 aneqnersni
411 4073 538 4138 Gymnasii
555 4073 747 4138 Prmeotereuu,
758 4073 841 4124 virum
853 4057 880 4122 et
896 4074 944 4139 ipsi
959 4073 1062 4123 etmihi
1076 4074 1140 4124 unni·

109 4155 252 4221 cissimum,
270 4163 383 4208 nostrum
401 4173 475 4223 porro
489 4157 623 4225 utriusque
644 4166 772 4211 amantem
797 4158 1140 4211 eildeusdianneinstitulio·

110 4243 170 4307 ats,·
183 4257 235 4306 que
251 4257 304 4308 quo
319 4243 424 4294 husius
438 4259 470 4296 eo
483 4247 620 4298 studens·
638 4261 700 4298 usus
729 4248 797 4312 tuit,
816 4248 886 4314 pium
902 4247 1038 4302 crdtorem.
