2875 5075
772 528 835 594 tus

279 704 442 771 uberrima
462 704 661 784 declaratur,
680 704 858 769 Homericis
876 705 974 769 etiarn
986 703 1065 769 locls
1085 701 1260 767 exhilarati
1276 713 1309 767 et

278 819 458 896 illustrata,
482 817 709 903 disputatione.
754 819 836 883 Tum
857 817 969 882 eodem
987 816 1094 882 studio
1111 816 1192 880 nihil
1212 817 1309 881 alieni

278 935 383 1019 priseo
402 952 480 997 aero
502 932 671 1011 assuendi,
696 933 729 995 in
746 936 889 997 veterum
910 932 1075 997 civitatum
1096 942 1244 996 naturam
1259 932 1311 995 in·

278 1049 440 1133 quiritur,
465 1066 569 1133 eaque
585 1057 622 1110 ut
643 1046 717 1132 ipsis
737 1046 893 1111 contineri
906 1046 1085 1112 ostenditur
1094 1046 1215 1111 civium
1226 1062 1310 1109 eon·-
1417 1074 1422 1080 ·

279 1162 425 1226 sionibus
458 1172 527 1225 tum
558 1162 653 1228 saeris
684 1162 764 1223 testo
793 1180 925 1246 quoque
955 1172 1099 1246 tempore
1126 1171 1195 1223 tum
1230 1160 1310 1223 ciri·

279 1276 364 1340 libus
399 1286 431 1340 et
464 1272 576 1361 populi
606 1275 746 1339 universi
776 1286 810 1338 et
837 1284 985 1359 patrum,
1016 1276 1061 1339 ita
1093 1271 1308 1359 principium,

278 1390 365 1455 unde
397 1391 502 1454 omnia
531 1401 676 1475 repetas,
707 1390 742 1454 in
759 1406 799 1453 eo
816 1389 967 1475 ponitur,
996 1388 1084 1476 quod
1106 1388 1310 1475 respublicae

279 1505 354 1569 illae
393 1500 552 1567 κοινωνίαι
576 1514 698 1583 essent,
731 1503 954 1568 communibus
986 1504 1084 1568 sacris
1116 1504 1309 1590 legibusque

278 1622 490 1703 conjunctae,
526 1638 543 1682 e
570 1620 803 1685 communionis
830 1619 1056 1705 societatisque
1083 1618 1197 1683 studiis
1219 1628 1310 1683 ortae

277 1734 456 1820 iisdemque
473 1734 617 1821 vigentes
636 1744 669 1799 et
686 1728 848 1800 florentes.
894 1734 974 1798 lade
991 1754 1088 1819 porro
1107 1735 1310 1819 quaestiones

277 1846 431 1935 politicae
461 1845 628 1914 ducuntur
659 1840 700 1913 de
729 1848 914 1911 earumdem
945 1848 1110 1912 civitatum
1137 1848 1248 1933 rigore
1275 1858 1310 1910 et

276 1963 376 2049 lapsu,
399 1962 506 2048 Atque
525 1961 579 2026 hlc
598 1962 762 2026 uberrima
779 1973 826 2025 est
836 1962 1091 2049 gravissimarum
1107 1960 1309 2025 animadver-

276 2078 400 2141 sionum
418 2077 529 2161 copia,
553 2076 673 2162 quibus
690 2076 732 2139 de
748 2086 911 2141 momento
932 2078 1097 2149 oioitoss'r
1114 2078 1242 2163 agitur,
1264 2075 1307 2139 ad

279 2208 377 2277 quam
396 2188 499 2257 omnis
522 2190 608 2276 apud
628 2202 752 2256 veteres
773 2192 992 2271 reserrentur,
1025 2193 1133 2278 ignota
1160 2192 1228 2254 iere
1246 2190 1308 2254 to

277 2308 447 2369 munitate
471 2326 526 2383 ea,
557 2324 623 2391 qua
649 2305 819 2370 lscmiocm
844 2318 1038 2370 venerentur
1066 2307 1100 2369 in
1124 2305 1307 2369 hominihus

276 2420 489 2485 recentiores:
515 2441 613 2506 porro
629 2420 670 2485 de
690 2418 802 2485 studiis
820 2422 990 2505 exponitur
1014 2420 1235 2507 aequalitatis:
1263 2419 1307 2483 de

277 2539 307 2599 si
326 2538 436 2624 legum
453 2509 492 2600 ad
514 2534 756 2624 conjungendos
772 2537 877 2601 mres:
902 2537 943 2600 de
967 2554 1061 2600 sensu
1089 2535 1218 2600 nonoris
1240 2535 1307 2599 alio

275 2652 310 2714 in
335 2649 570 2736 rebuspublicis
608 2649 689 2731 illis,
734 2652 797 2716 alio
825 2653 859 2715 in
887 2652 1037 2737 gentibus
1065 2651 1299 2716 Orientalibus:

274 2764 315 2828 de
335 2764 412 2828 flore
441 2764 606 2830 civitatum
629 2784 704 2830 curn
733 2767 850 2830 civium
875 2767 1020 2829 moribus
1042 2767 1184 2851 proxime
1214 2784 1300 2829 con*

270 2878 405 2962 juncto:
439 2879 479 2942 de
509 2881 629 2964 optima
651 2880 787 2944 civitatis
807 2879 992 2944 conditione
1009 2901 1047 2944 ea
1066 2880 1194 2958 habita,
1219 2897 1306 2965 quae

276 2991 512 3075 conjunctionis
536 2992 806 3079 aequalitatisque
824 2993 934 3058 studiis
953 2996 1089 3058 maxime
1105 2995 1305 3072 conveniret,

275 3125 370 3171 suum
388 3105 518 3194 quidem
547 3129 606 3193 pro
627 3130 662 3172 re
686 3108 816 3193 publica
846 3120 961 3195 agente
988 3128 1206 3195 unoquoque,
1240 3128 1306 3172 non

274 3243 340 3286 uno
363 3222 485 3287 omnia:
510 3222 550 3287 de
577 3222 839 3287 altercationibus
862 3224 1003 3303 citium,
1035 3241 1072 3291 e's
1100 3222 1305 3308 aequalitatis

274 3337 429 3422 cupidine
446 3338 544 3416 ortis,
568 3337 744 3422 prudenter
752 3337 962 3420 dijudicandis
978 3339 1173 3424 probeques
1189 3337 1305 3400 tactio·

274 3469 350 3514 num
376 3462 466 3535 peste
496 3449 751 3536 distinguendis,
791 3453 912 3538 quibus
944 3455 1045 3517 omnis
1073 3455 1119 3516 rei
1151 3451 1308 3538 publicae

273 3585 362 3628 amor
388 3561 527 3649 partiam
555 3564 663 3629 studio
678 3564 809 3630 cederet
825 3578 923 3653 atque
943 3567 1181 3651 conjunctionis
1197 3577 1307 3630 ctae-1·

273 3678 436 3766 qualitatis
463 3689 596 3743 naturae
625 3692 843 3767 repugnarent
866 3684 992 3746 omnia:
1029 3682 1069 3746 de
1100 3675 1149 3746 his
1179 3677 1301 3768 igitur,

271 3793 406 3878 aliisque
422 3793 536 3856 'multis
555 3794 600 3858 ita
617 3795 805 3882 exponitur,
831 3807 867 3860 ut
881 3796 1012 3861 tandem
1031 3797 1236 3883 antiquarum
1255 3796 1304 3860 oi·

271 3909 406 3972 vitatum
430 3908 615 3987 interitum,
641 3920 672 3972 et
698 3930 772 3973 vero
789 3910 987 3994 peculiarem
1005 3911 1040 3974 in
1061 3912 1098 3974 iis
1123 3910 1303 3997 tyrannidis

275 4021 428 4085 rationem
448 4018 621 4107 odiumque
640 4009 776 4100 ἐσχάτου
799 4021 885 4086 illius
904 4021 1071 4096 πολιτείας
1091 4014 1190 4087 νόσου
1213 4023 1302 4087 haud

272 4156 368 4219 aegre
387 4156 567 4221 assequare.
583 4171 622 4181 -
650 4135 822 4201 Dissentias
842 4138 919 4202 licet
938 4139 973 4201 iu
993 4137 1178 4217 nonnullis,
1202 4149 1233 4202 et
1252 4139 1301 4202 ia·

272 4248 333 4312 eila
352 4259 399 4311 est
422 4270 439 4310 e
463 4250 575 4327 variis,
601 4250 648 4313 hir
676 4251 786 4335 viginti
813 4265 951 4336 quatuor
973 4252 1065 4316 anuis
1085 4254 1297 4337 conscriptis,
