2875 5075
785 520 827 581 32

334 692 449 758 Tribus
467 691 628 756 mensibus
640 688 790 775 -jucunde
809 702 840 755 ct
860 690 983 755 utiliter
999 691 1183 769 transactis,
1206 690 1321 753 Bnno-

233 785 235 788 Ι
290 808 344 871 uia
367 808 502 893 aliisque
524 806 675 871 Franciae
689 805 955 891 septemtrionalis
972 804 1106 871 urbibus
1122 826 1189 869 una
1205 804 1321 869 lustra-

289 921 348 1001 tis,
371 921 554 1007 Hispaniam
573 922 760 1000 Stratonos,
793 922 928 1007 patriam
950 920 1041 1005 petiit
1061 918 1242 996 Heusdius,
1267 928 1320 995 et,
1426 952 1428 1001 t

291 1056 387 1121 quam
416 1023 556 1121 primum
572 1055 590 1099 e
609 1036 719 1121 gravi,
751 1036 784 1097 iu
802 1056 901 1122 quern
924 1032 1024 1097 redux
1043 1032 1176 1111 incidit,
1207 1032 1321 1096 morbo

289 1150 513 1229 convaluerat,
541 1148 670 1213 beidam
690 1148 868 1215 studiorum
889 1170 983 1213 eausa
1002 1167 1146 1212 reversus
1164 1146 1238 1212 luit.
1272 1145 1320 1210 bc
1427 1182 1428 1185 π

287 1263 330 1329 de
348 1263 436 1329 bisce
453 1263 585 1350 quidem
601 1263 748 1349 intelligo
764 1264 851 1343 loro,
870 1264 926 1350 qui
942 1264 1124 1329 accuratius
1141 1272 1319 1347 quaerant,
1426 1255 1428 1327 i

289 1378 473 1465 quibusque
498 1400 594 1463 supra
615 1378 746 1441 minime
770 1377 977 1442 satisfecerim
995 1375 1152 1455 diceudo,
1171 1374 1320 1461 privatim

288 1490 411 1555 aditum
436 1492 533 1557 luisse
559 1491 861 1577 Wyttenbachium;
894 1514 932 1557 ao
951 1492 977 1557 si
995 1491 1129 1557 interior
1147 1488 1204 1555 illa
1225 1488 1321 1553 disci·
1426 1540 1428 1585 ,

288 1607 395 1691 plina,
430 1604 525 1689 eujus
549 1604 776 1691 percipiendae
801 1606 904 1692 gratia
932 1606 995 1671 loci
1027 1605 1210 1670 obtinuerat
1230 1624 1321 1668 oom-
1427 1594 1428 1605 ¹

287 1719 439 1798 mutatio,
467 1718 547 1783 nibil
565 1739 663 1805 porro
679 1719 836 1784 attulisset
851 1721 983 1807 cognitu
1000 1719 1145 1807 dignum.
1170 1718 1319 1785 sialiter

289 1844 393 1898 statuo
431 1844 463 1899 et
500 1834 533 1897 in
560 1833 609 1897 bis
640 1836 772 1919 paulum
798 1835 961 1900 immorari
981 1834 1084 1917 jurat.
1124 1833 1207 1897 Sunt
1234 1833 1319 1897 enim
1427 1864 1428 1883 .

288 1958 358 2012 tum
386 1944 545 2026 doctoris,
574 1959 642 2014 tum
669 1948 820 2033 discipuli
842 1949 1021 2014 testimonia
1044 1947 1095 2027 id,
1120 1945 1209 2035 quod
1226 1946 1317 2011 rolu-

286 2082 378 2141 mus,
403 2063 546 2149 apprime
563 2060 770 2127 declarantia.

332 2176 446 2262 Itaque
484 2175 638 2240 Leidense
676 2188 802 2261 tempus
828 2176 911 2241 illud
939 2180 1028 2255 ciat,
1070 2196 1135 2262 quo
1162 2174 1319 2259 paulatim
1427 2187 1428 2195 ’

290 2310 379 2354 mens
401 2289 473 2372 'ejus
500 2291 603 2355 omnis
631 2290 671 2354 ad
701 2312 798 2355 unam
814 2291 1061 2355 convertebatur
1080 2290 1317 2376 antiquitatem.
1427 2304 1428 2323 .

289 2403 327 2467 lu
345 2402 407 2468 bac
423 2402 567 2484 delirus,
599 2405 792 2468 recentiores
811 2426 885 2469 vero
904 2416 1120 2490 praeterens,
1144 2405 1178 2467 in
1198 2404 1318 2491 quibus

288 2518 405 2583 veteris
431 2520 501 2584 acri
533 2520 614 2585 ratio
629 2519 748 2605 spirat,
781 2519 883 2584 multo
908 2518 1013 2584 minus
1035 2534 1132 2609 quam
1149 2531 1242 2586 antea
1260 2541 1318 2585 ou·
1426 2512 1428 2529 '

288 2653 378 2711 rans,
413 2632 497 2697 banc
511 2634 612 2719 ipsam
628 2633 729 2719 magis
746 2634 912 2721 magisque
932 2633 1089 2699 imbibere
1107 2633 1276 2720 gestiebat.
1290 2629 1315 2719 1)
1426 2687 1427 2714 3

287 2743 445 2832 Antiquos
459 2755 578 2838 'autem
599 2747 769 2830 scriptores
798 2767 906 2810 ornnes
922 2748 965 2812 ita
989 2747 1140 2834 deinceps
1162 2749 1318 2832 pervesti-
1426 2770 1427 2846 p

288 2859 402 2944 gabat,
434 2870 470 2922 ut
491 2860 525 2922 in
543 2860 670 2923 nemine
686 2858 872 2946 diligentior
892 2881 988 2947 quam
1004 2862 1039 2926 iu
1062 2862 1194 2927 Platone
1214 2875 1315 2942 esset,
1426 2849 1427 2910 3

286 2970 328 3034 ad
348 2970 436 3036 huuc
455 2974 559 3038 omnia
573 2973 724 3052 referret,
747 2973 845 3057 hujus
867 2977 997 3040 omuino
1012 2977 1046 3040 in
1060 2975 1188 3040 dicendi
1208 2975 1318 3062 dispu-

286 3084 440 3173 tandique
455 3087 718 3152 cousuetudinem
739 3099 772 3152 et
790 3111 915 3154 ornnem
934 3090 1120 3177 opinionum
1138 3089 1319 3156 sublimia-
1425 3093 1426 3100 ’

245 3269 248 3276 ,
286 3211 351 3264 tem
376 3222 410 3264 se
436 3211 502 3265 tota
532 3214 638 3267 mente
670 3215 701 3267 et
721 3204 914 3289 cogitatione
933 3201 1156 3291 insinuaret.²)
1182 3205 1222 3270 Et
1237 3227 1316 3292 quo·

286 3336 359 3379 uam
374 3337 488 3394 sensu,
512 3317 721 3403 quohabitu,
747 3317 839 3383 vultu
850 3317 1030 3403 philosophi
1039 3319 1156 3403 scripta
1168 3318 1315 3386 terebatl
1425 3313 1426 3328 ³

284 3428 354 3494 lice
378 3430 647 3514 Wyttenbacbius
673 3433 719 3495 sic
741 3431 902 3517 depinxit,
926 3433 1019 3498 illum
1039 3444 1076 3497 ut
1097 3433 1221 3498 Platoni
1242 3454 1316 3518 ope·

284 3561 352 3604 ram
379 3540 507 3607 dautem
539 3544 600 3607 tibi
630 3543 740 3608 ridere
771 3545 911 3612 videare.
946 3547 1025 3610 Nam
1062 3547 1190 3632 «ipsius
1215 3581 1252 3596 -
1265 3547 1314 3610 iu·

283 3656 403 3739 quit-
420 3657 510 3726 nobis
526 3657 658 3722 lleusdii
674 3659 780 3745 imago
797 3660 1005 3739 obversatur,
1028 3661 1190 3726 Platonem
1206 3661 1315 3747 legen·

284 3770 341 3849 tis,
371 3771 482 3835 oculos
506 3770 661 3836 modoad
685 3773 961 3861 investigationem
982 3774 1195 3854 intendentis,
1219 3773 1314 3840 modo

318 4088 344 4155 1)
363 4094 460 4142 Socrot.
479 4093 573 4142 Scbool
587 4093 615 4157 l,
634 4091 676 4143 14.

323 4174 349 4240 2)
367 4178 449 4241 Wytt.
466 4179 493 4227 in
520 4180 606 4242 Epist.
628 4179 662 4227 od
684 4179 781 4229 Heusd.
807 4196 833 4243 p.
859 4181 947 4230 XXIX.
964 4180 1023 4231 coll.
1041 4173 1144 4230 omnino
1159 4180 1217 4228 looo
1237 4181 1313 4230 Scito-

285 4263 326 4309 loe
339 4253 437 4311 Scor-ot.
454 4264 521 4313 laud.
540 4282 565 4328 p.
580 4262 621 4312 15.
1160 4293 1162 4298 ·
