2875 5075
768 544 833 607 236

287 728 334 781 ter
375 714 649 783 Bibliothecarum
684 717 882 801 praefectos,
923 716 1013 779 nullo
1045 727 1210 801 praeterea
1243 712 1313 781 mu·
1420 721 1423 725 '

285 853 362 894 nere
380 831 570 909 distractos,
595 841 627 894 et
645 829 794 894 doctores
813 829 1039 909 Academicos,
1063 831 1200 916 quibus,
1224 843 1261 895 ut
1280 833 1315 896 in

285 946 387 1029 patria
399 956 505 1010 nostra
518 946 710 1030 plerumque
723 945 866 1025 obtinet,
880 943 1063 1009 earumdem
1075 945 1313 1029 praefecturae,

285 1070 448 1145 tamquam
465 1060 605 1123 accessio
621 1059 798 1144 quaedam,
816 1058 1017 1124 mandantur.
1041 1058 1111 1122 Tali
1130 1060 1312 1141 accessione

284 1184 416 1237 ornatus
440 1173 616 1251 lleusdins,
642 1172 781 1238 multum
789 1172 896 1258 [curae
914 1173 1022 1256 posuit
1044 1173 1078 1234 in
1094 1171 1313 1251 Bibliotheca,

283 1289 448 1372 superiore
478 1299 619 1372 tempore
644 1299 767 1352 tantum
797 1309 862 1351 non
889 1286 1055 1373 neglecta,
1079 1286 1118 1349 ad
1146 1287 1316 1351 maximam

285 1402 476 1467 discentium
504 1401 740 1489 doctorumque
770 1404 910 1467 virorum
936 1402 1105 1466 utilitatem
1135 1401 1313 1467 referenda.

285 1517 358 1581 llue
376 1527 502 1601 praeter
526 1518 684 1603 insignem
708 1518 744 1579 in
770 1519 856 1581 omni
883 1516 1047 1581 doctrinae
1069 1537 1187 1602 genere
1215 1517 1315 1581 libro·

286 1653 358 1695 rum
377 1632 534 1696 bonorum
552 1653 590 1696 ac
617 1633 868 1696 necessariorum
888 1634 1031 1716 copiam,
1056 1652 1139 1716 quae
1160 1632 1315 1716 paulatim

286 1748 464 1831 comparari
489 1758 600 1832 coepta
627 1758 692 1827 est,
726 1745 790 1811 duo
816 1748 990 1832 praecipue
1019 1747 1143 1811 iactura
1162 1745 1315 1809 videban-

286 1871 359 1940 tur,
393 1861 530 1925 alterum
560 1860 771 1946 supellectilis
809 1862 843 1923 in
875 1873 985 1947 aptum
1013 1862 1122 1926 locum
1150 1861 1315 1925 translatio

285 1987 440 2061 certaque
467 1975 667 2055 distributio,
703 1977 774 2039 novi
811 1977 950 2062 catalogi
976 1977 1135 2040 conlectio
1164 1976 1313 2041 alterum.

285 2090 395 2175 Quum
411 2093 497 2155 enim
515 2092 606 2156 locus
622 2093 656 2155 in
673 2091 706 2157 S.
726 2090 879 2155 Johannis
898 2090 995 2171 aede,
1018 2092 1108 2155 libris
1118 2092 1314 2157 asservandis

285 2206 477 2286 destinatam,
509 2228 571 2270 nec
602 2227 718 2291 capere
748 2201 856 2291 plures
886 2218 1009 2291 posset,
1040 2218 1070 2269 et
1101 2207 1143 2269 ab
1171 2214 1247 2270 aere
1277 2228 1315 2271 ac

285 2322 387 2385 ventis
407 2344 521 2406 parum
541 2321 683 2385 munitus
699 2334 798 2398 esset,
822 2344 861 2385 co
877 2323 1046 2405 pauciores
1063 2314 1156 2385 illum
1177 2320 1313 2385 hiberno

265 2448 374 2501 ¹certe
396 2442 542 2522 tempore
566 2435 715 2515 adibant,
740 2457 806 2521 quo
835 2435 998 2501 difficilius
1027 2447 1094 2501 erat
1119 2437 1154 2499 in
1181 2435 1313 2499 diversis

286 2552 400 2616 veteris
413 2552 569 2637 catalogi,
592 2573 675 2616 anno
692 2552 833 2616 conlecti
854 2554 958 2631 1727,
977 2551 1206 2637 supplementis
1222 2573 1313 2638 repe·

286 2667 366 2745 rire,
385 2665 472 2752 quod
493 2687 673 2752 quaereres.
698 2668 880 2753 Utrumque
897 2666 1156 2747 incommodum,
1173 2667 1313 2732 Hensdio

285 2778 485 2860 moderante,
499 2780 661 2844 sublatum
673 2780 745 2847 luit.
763 2783 856 2869 Asino
868 2783 954 2845 1820
965 2781 1164 2847 Bibliotheca
1174 2784 1209 2844 in
1220 2805 1312 2868 prae-

285 2906 406 2958 sentem
425 2896 574 2958 translata
591 2906 638 2958 est
655 2894 781 2974 locum,
799 2897 960 2983 amplum,
978 2897 1173 2982 elegantem,
1194 2897 1228 2960 in
1240 2909 1312 2961 octo

285 3021 390 3095 partes
408 3009 612 3073 lacunaribus
630 3021 755 3074 ornatas
773 3011 997 3099 vestibuloque
1015 3023 1072 3075 aut
1085 3011 1311 3089 distributum,

285 3145 465 3210 magnaque
482 3124 637 3188 librorum
655 3126 936 3209 reperiendorum,
953 3124 1179 3212 legendorum,
1200 3146 1312 3189 excer-

284 3238 463 3324 pendorum
486 3238 710 3304 commoditate
736 3262 771 3303 se
801 3239 1094 3320 commendantem,
1125 3253 1158 3305 et
1179 3239 1313 3306 Hensdii

285 3365 572 3438 repraesentantem
595 3353 689 3441 plane
708 3354 815 3438 pulcri
834 3377 972 3421 sensum.
1004 3356 1124 3421 Eodem
1141 3359 1208 3420 lere
1228 3368 1314 3420 tem-

284 3489 381 3552 pore,
404 3468 495 3530 variis
512 3468 675 3533 laboribus
695 3469 878 3550 exantlatis,
891 3472 1028 3554 scriptus
1039 3472 1204 3556 catalogus
1217 3473 1313 3534 exsti-

284 3583 342 3660 tit,
366 3583 411 3646 ita
442 3582 609 3647 literarum
638 3583 750 3649 ordine
773 3585 966 3668 compositus
994 3597 1092 3672 atque
1124 3607 1183 3671 per
1217 3587 1312 3650 cistas

284 3697 494 3779 distributus,
517 3711 553 3764 ut
573 3701 692 3787 singuli
716 3701 873 3766 librorum
900 3703 1071 3787 scriptores
1093 3701 1226 3788 singulis
1254 3725 1313 3787 pa·

286 3814 367 3901 ginis
393 3815 644 3880 continerentur.
701 3817 791 3896 lllox,
823 3828 943 3903 quanta
976 3819 1010 3880 in
1031 3819 1164 3902 pristina
1190 3817 1312 3881 Biblio-

285 3928 397 3993 thecae
432 3927 507 3993 sede
538 3925 695 4010 solitudo,
736 3943 823 3995 tanta
862 3933 895 3994 in
933 3932 1093 4017 praesenti
1129 3932 1312 4018 frequentia

284 4042 595 4109 animadvertebatur
615 4046 735 4110 nullius
753 4068 817 4109 non
838 4044 1002 4140 doctrinae
1021 4046 1238 4111 studiosorum
1255 4058 1311 4111 aut

285 4156 325 4220 ad
350 4158 417 4242 ipsa
447 4161 563 4224 scrinia
590 4160 787 4248 legentium,
812 4173 867 4226 aut
895 4160 1073 4226 sedentium
1103 4160 1143 4225 ad
1168 4182 1309 4226 mensam

285 4272 404 4335 nuntiis
430 4272 578 4338 literariis
597 4274 807 4354 destinatam,
830 4287 886 4341 aut
914 4277 948 4340 in
975 4277 1128 4342 cubiculo
1155 4278 1306 4362 contigno
