2875 5075
599 538 664 601 ms
753 523 822 613 ,’

117 707 193 773 inde
220 728 250 775 a.
282 690 367 773 teti
399 709 649 795 ingeniosissima
679 710 772 777 fluxit
795 724 827 776 et
858 714 1020 799 generosis
1049 715 1146 780 animi

116 822 262 888 sensibus
294 824 410 889 referta
442 826 575 910 scriptio
607 824 790 895 daumero
822 830 862 891 ia
901 830 1145 908 matrimonio,

117 958 233 1022 quam,
265 937 307 1001 ad
330 937 390 1002 hos
416 960 525 1003 sensus
552 939 722 1004 scribendo
739 939 800 1003 sibi
821 940 1026 1007 illustrandos
1047 955 1080 1007 et
1100 944 1147 1007 el·
1250 939 1252 942 ’

116 1048 296 1116 fundendos
312 1052 540 1137 compositam,
565 1052 666 1118 rideri
685 1053 787 1117 voluit
806 1054 936 1119 aliunde
955 1056 989 1121 in
1006 1058 1147 1141 patrium

116 1185 295 1230 sermonem
313 1166 511 1231 transtulisse
530 1178 562 1231 et
582 1179 721 1233 strenam
740 1157 883 1248 vacarii,
908 1173 973 1255 qaia
996 1190 1146 1255 persona-

118 1289 169 1343 tus
187 1278 319 1366 quidam
335 1281 468 1345 maritus
486 1303 576 1346 suam
593 1282 660 1367 ipse
678 1303 809 1346 uxorem
831 1282 971 1348 emendis
989 1285 1147 1349 Ianuariis
1223 1350 1226 1354 ,

118 1392 306 1461 donavisset.
345 1395 425 1460 Nam
450 1394 491 1459 de
515 1394 637 1459 edenda
661 1416 696 1460 ea
721 1396 892 1482 cogitarit,
916 1398 962 1462 sic
988 1409 1146 1479 statuens,

120 1506 186 1571 aad
213 1507 378 1573 bominum
406 1508 593 1573 felicitatem
619 1509 882 1593 promerendam,
909 1532 976 1575 rem
1005 1513 1146 1577 omnium

118 1623 350 1709 gratissimam,
385 1644 437 1687 eos
474 1624 634 1708 inprimis
670 1622 866 1704 monendos,
901 1647 999 1711 quam
1036 1626 1147 1691 lelices

117 1758 185 1801 esse
204 1733 372 1821 possint.»
401 1736 464 1801 Sed
483 1736 558 1803 licto
576 1736 633 1800 illo
654 1737 750 1801 titulo
769 1759 833 1802 non
852 1737 908 1802 diu
929 1738 1075 1804 latuisset
1096 1741 1147 1805 fa-

117 1850 276 1929 miliares,
300 1850 337 1915 iis
358 1852 478 1938 quippe
501 1850 697 1936 temporibus
727 1851 897 1935 proximis,
928 1854 1048 1937 quibus
1077 1856 1147 1941 opi-

59 1973 62 1975 ’
117 1966 248 2029 nionum
265 1962 305 2028 de
320 1962 451 2058 historia
469 1964 674 2029 humanitatis
694 1974 726 2027 et
741 1965 919 2050 amplitudo
935 1978 967 2030 et
980 1969 1146 2033 maturitas

117 2078 217 2165 magis
243 2078 409 2165 magisque
438 2078 618 2163 prodibant.
658 2078 869 2165 Agnorissent
891 2080 941 2143 illi
957 2081 1147 2166 scriptorem
1202 2077 1203 2080 '
1242 2149 1246 2154 ,

118 2215 156 2257 ex
181 2191 506 2271 animadversionibus
535 2194 575 2257 de
602 2194 825 2278 progressione
861 2194 987 2279 generis
1013 2194 1145 2259 humani

117 2308 151 2370 in
175 2308 367 2371 feminarum
402 2307 584 2372 conditione
624 2308 820 2392 conspicua,
854 2306 895 2371 de
926 2308 1145 2393 peculiaribus

119 2420 302 2515 earumdem
322 2420 472 2487 laudibus
490 2432 588 2507 atque
607 2420 817 2486 facultatibus
837 2432 869 2486 et
887 2422 1005 2507 insigni
1027 2423 1068 2487 ob
1087 2413 1144 2487 bas
1198 2422 1205 2431 '

117 2537 200 2621 ipsas
216 2547 376 2599 momento
388 2533 429 2598 ad
445 2533 633 2601 excolendos
651 2534 756 2614 viros,
776 2533 816 2599 de
827 2556 935 2598 amore
953 2534 995 2599 ab
1005 2538 1144 2604 amicitia
1254 2609 1258 2620 ,

117 2650 218 2734 probe
235 2648 482 2734 distinguendo,
508 2660 650 2714 maturae
668 2659 742 2734 apto
766 2648 902 2712 bominis
920 2651 1037 2729 aetati,
1057 2635 1146 2717 velut

116 2762 235 2855 sedem.
255 2761 392 2828 habente
422 2763 456 2826 iu
480 2763 701 2841 matrimonio,
734 2762 951 2829 efficacissimo
978 2762 1146 2831 advirum
1201 2804 1202 2807 κ

119 2889 150 2942 ct
178 2877 326 2940 feminam
361 2877 406 2941 sic
438 2879 519 2942 iuter
551 2899 584 2940 se
615 2875 824 2956 excolendos,
860 2888 896 2941 ut
925 2877 986 2943 bac
1015 2878 1145 2946 demum

118 3003 229 3056 mutua
259 2991 288 3054 vi
316 2992 387 3056 talis
406 2989 564 3079 uterque*
580 2991 710 3070 eradat,
735 2991 840 3077 qualis
876 2992 1010 3057 evadere
1028 3006 1144 3080 potest.

118 3105 172 3184 Et,
203 3107 228 3168 si
257 3105 321 3168 fine
356 3105 536 3191 scriptionis
577 3104 656 3169 haec
691 3105 843 3190 legissent
878 3104 945 3168 ficti
982 3109 1146 3192 scriptoris

103 3219 230 3310 rerba:
268 3220 412 3283 «Parum
442 3220 515 3282 nori
544 3219 578 3282 in
607 3239 643 3282 ea
663 3239 743 3304 uxor
762 3218 911 3303 reperiet.
955 3218 1049 3300 Quod
1062 3220 1145 3285 bene

119 3332 241 3398 dictum
265 3343 333 3414 est,
356 3332 419 3418 ipsi
441 3333 571 3396 sortasse
595 3330 709 3396 debeo.
751 3331 862 3416 Neque
884 3331 980 3397 etiam
1003 3356 1145 3420 opuseu-

68 3421 70 3424 ι
120 3446 186 3511 lum
223 3446 386 3526 laudabit,
427 3446 482 3511 sed
513 3447 636 3514 animus
672 3445 741 3530 ejus
775 3447 858 3510 inter
891 3445 1064 3533 legendum
1099 3461 1145 3514 te·

119 3562 263 3624 nerrimis
286 3560 446 3627 afficietur
473 3560 634 3640 sensibus,
662 3581 712 3654 me
737 3568 894 3645 perpetuo
923 3563 1145 3647 cogitaturos,

120 3675 388 3760 quemadmodum
415 3697 475 3762 ego
505 3675 588 3738 inter
610 3672 815 3738 scribendum
834 3722 843 3752 ,
862 3677 1020 3759 perpetui
1046 3679 1145 3763 ipsius

120 3790 289 3883 memorial,
313 3789 426 3854 iisdem
449 3790 594 3854 sensibus
616 3787 777 3853 movebar.
822 3789 959 3854 Etcum
982 3791 1146 3878 reluptate

118 3903 201 3967 illud
230 3905 316 3990 leget
346 3903 464 3968 dilecta
492 3925 589 3982 uxor3
614 3924 687 3967 uam
712 3903 795 3966 inter
811 3901 985 3988 legendum
1012 3925 1045 3968 se
1071 3905 1146 3968 leli-

120 4040 191 4083 cem
212 4039 279 4093 esse
293 4018 437 4097 sentiet,
461 4019 536 4104 quia
567 4038 617 4080 me
641 4017 861 4080 felicissimum
884 4016 1043 4097 reddidit,
1067 4020 1145 4105 quia

121 4154 181 4219 ego
202 4153 259 4217 per
281 4132 380 4217 ipsam
399 4153 451 4195 me
474 4131 693 4224 felicissimum
716 4131 830 4196 sentio.
843 4152 860 4194 u
885 4131 918 4195 io
942 4130 1022 4196 haec
1045 4133 1144 4220 igitur
1215 4223 1217 4225 Ι

123 4246 218 4312 verba
247 4247 302 4310 ubi
329 4244 514 4312 incidissent
541 4245 673 4311 Heusdii
689 4246 893 4325 lumiliares,
917 4244 1002 4311 baud
1023 4247 1145 4328 aliena,
