2875 5075
607 483 669 543 113

118 670 188 733 trs,
217 624 384 741 nequest
414 653 584 740 grandium
611 653 782 720 verborum
807 657 901 741 quasi
931 656 1147 739 intonatione,

71 851 73 855 Ι
117 788 228 854 neque
253 784 329 833 vern
355 788 392 831 er
411 765 657 854 argumentandi
674 767 876 849 subtilitate,
908 770 965 835 sed
995 772 1147 839 nimirum

118 900 185 945 una
220 882 358 947 efficitur
383 882 440 945 illa
476 881 605 967 poetica
633 880 777 969 fingendi
805 882 980 966 facultat03
1014 897 1046 952 et
1071 887 1152 957 haec

124 994 260 1082 quidem
277 996 301 1059 si
314 994 439 1061 Platoni
461 994 634 1075 defuisset,
657 1006 747 1061 certe
764 996 858 1062 istam
874 998 1020 1066 idearum
1030 1000 1152 1068 doctri·

121 1132 197 1175 narn
226 1126 332 1196 neque
352 1102 547 1196 cogitasset,
571 1132 678 1197 neque
696 1109 905 1177 invenissetis
917 1109 943 1199 ¹)
984 1114 1153 1185 Verumta-

117 1245 211 1303 men,
230 1224 421 1311 quasillum
438 1224 577 1291 Platonis
588 1246 730 1290 amorem
747 1226 957 1311 magisetiam
974 1229 1099 1295 alerent
1120 1242 1152 1295 et

117 1356 193 1403 aero
209 1338 394 1417 firmarent,
414 1338 482 1423 jam
493 1338 723 1405 Amsteledami
741 1342 1075 1409 secesserintnecesse
1092 1356 1149 1412 est.

96 1452 211 1517 -ltihil
238 1452 418 1540 quidquam
448 1453 622 1519 lectoribus
651 1454 833 1521 oltrudem·
877 1456 944 1542 lpsi
961 1456 1151 1540 judicante

115 1566 242 1651 juvenis
262 1567 375 1631 verbis.
399 1566 449 1632 Ad
466 1568 776 1656 wyttenbachium,
799 1568 929 1635 Leidam
947 1572 1149 1656 profectum,

118 1680 279 1747 Athenaei
303 1682 451 1747 alumnus
475 1684 649 1750 scrihebat.
685 1706 702 1747 a
714 1683 849 1749 Divinus
866 1683 923 1749 ille
940 1684 1150 1773 philosophus

116 1818 186 1884 quo
205 1796 309 1862 valeat
323 1797 470 1885 iugenio,
489 1797 654 1878 doctriua,
670 1810 823 1865 accurata
840 1810 972 1865 naturae
990 1800 1150 1868 humanae
1229 1848 1233 1855 n

118 1912 254 1991 uotiua,
276 1911 436 2005 ‘idemque
464 1922 664 1999 quantopere
696 1913 859 1982 conducat
888 1914 931 1979 ad
952 1933 1149 2003 eognoscen-

117 2025 196 2091 dam
221 2026 450 2106 humanitatis,
489 2028 699 2114 sinceraeque
727 2028 905 2116 elegantiae
936 2030 1018 2110 situ,
1048 2033 1149 2117 satagis

74 2189 81 2199 ,
114 2142 288 2228 magisque
302 2142 462 2229 perspicia
481 2154 515 2207 et
529 2142 700 2223 admiror,
712 2165 819 2229 neque
838 2143 926 2209 ullus
943 2156 1063 2210 temere
1081 2144 1149 2209 dies

116 2257 296 2341 praeterit,
316 2258 411 2343 quin
440 2256 605 2321 Platonem
638 2257 717 2323 milri
756 2248 930 2344 legendum
961 2280 1084 2325 sumam
1117 2270 1150 2325 et

113 2369 359 2449 meditandum,
379 2393 398 2435 a
420 2391 485 2457 qua
501 2370 641 2437 lectione
663 2390 715 2437 me
737 2373 863 2457 saepius
886 2372 1064 2439 doctiorem
1085 2396 1150 2437 nou

81 2492 85 2505 ’
115 2494 264 2564 tantum,
306 2483 360 2548 sed
397 2485 563 2550 meliorem
597 2507 730 2572 quoque
762 2487 853 2550 abire
885 2487 1048 2554 memini.»
1100 2487 1149 2555 dd

111 2599 261 2664 annuum
277 2609 399 2677 autem,
425 2614 522 2684 quem
539 2600 665 2664 Platoni
684 2600 874 2664 conciliasse
888 2599 1037 2682 videtur,
1068 2601 1149 2672 haec

114 2723 213 2778 eraut
233 2711 376 2794 ejusdem
396 2712 504 2778 verba.
529 2715 594 2778 «lu
615 2714 758 2780 Platonis
773 2714 1006 2804 lectione,qua
1021 2730 1149 2804 egomet

115 2827 186 2894 lruc
219 2841 324 2913 usque
351 2827 479 2892 fructus
499 2846 598 2907 sum,
632 2827 744 2893 eadem
772 2829 881 2898 fruare
914 2830 1148 2912 delectatione,

115 2953 219 3028 atque
237 2963 275 3004 ex
290 2939 581 3026 hoc'posrerioram
596 2941 861 3029 philosopherum
882 2945 972 3010 fonte
988 2968 1059 3012 eam
1077 2969 1149 3032 per-

116 3058 219 3142 cipias
255 3076 362 3120 veram
399 3057 609 3142 sapientiam,
652 3071 750 3143 quam
781 3059 955 3144 equidem,
997 3048 1148 3126 monente

116 3169 391 3258 wyttenbachio,
414 3193 451 3236 ea
473 3189 540 3236 uuo
558 3191 627 3236 esse
644 3171 855 3266 hauriendam
882 3173 1014 3237 Platone
1035 3177 1148 3259 suspi-

118 3287 188 3352 cari
206 3286 309 3372 coepi.
342 3286 382 3350 lit
402 3305 476 3350 vere
495 3284 557 3350 hoc
571 3285 729 3350 affirmare
738 3301 778 3350 ac
795 3286 901 3372 posito
910 3287 1046 3372 pignore
1065 3303 1146 3352 cerr·

117 3397 251 3466 tendere
271 3418 335 3466 non
353 3421 482 3474 vereor,
504 3417 760 3486 quemcumque,
778 3420 845 3486 quo
860 3400 961 3488 magis
980 3401 1147 3468 Platonem

120 3515 209 3601 legat
228 3525 260 3578 et
277 3514 364 3600 legat
383 3535 441 3592 eo,
460 3531 524 3600 quo
543 3511 653 3592 decet,
676 3513 802 3592 studio,
823 3513 857 3580 id
876 3527 944 3592 est,
966 3513 1007 3580 ad
1024 3515 1147 3604 ingenii

119 3629 266 3707 cultum,
290 3629 442 3692 scientiae
459 3627 694 3692 incrementum
714 3640 748 3693 et
765 3648 842 3694 vero
861 3628 901 3696 ad
912 3628 1145 3697 humanitatem

117 3759 312 3829 merumque
329 3741 565 3828 integritatem,
600 3761 640 3806 eo
655 3742 775 3809 certius
793 3743 986 3830 pleniusque
1006 3743 1146 3829 adeptu·
1266 3733 1273 3738 ⁸

155 4044 180 4111 l)
200 4046 230 4095 ln
248 4044 425 4108 disquisitione
448 4045 480 4093 de
503 4045 653 4108 quaestione
671 4059 731 4092 essm
748 4046 795 4107 qus'
815 4045 983 4108 philosophas
1008 4051 1063 4108 sat,
1079 4046 1147 4094 s'dssss

117 4145 174 4179 esse
185 4132 263 4195 petto
276 4131 378 4194 pessit,
389 4129 456 4179 lecta
465 4130 644 4180 amstelodami
656 4130 682 4180 in
694 4129 811 4178 sodalitio
823 4131 970 4178 Ls'tsrorrsm
981 4131 1070 4179 stadio
1083 4134 1147 4180 ossi·

118 4218 201 4265 daos
220 4217 351 4264 maculem
364 4216 404 4264 die
419 4213 436 4262 9
453 4230 486 4264 m.
503 4215 574 4264 lunii
587 4233 609 4266 a.
632 4213 708 4266 1800.

970 4303 992 4368 8
