<?xml version="1.0" encoding="UTF-8"?>
<!DOCTYPE html PUBLIC "-//W3C//DTD XHTML 1.0 Transitional//EN"
    "http://www.w3.org/TR/xhtml1/DTD/xhtml1-transitional.dtd">
<html xmlns="http://www.w3.org/1999/xhtml" xml:lang="en" lang="en">
 <head>
  <title>
</title>
<meta http-equiv="Content-Type" content="text/html;charset=utf-8" />
  <meta name='ocr-system' content='tesseract 3.04.00' />
  <meta name='ocr-capabilities' content='ocr_page ocr_carea ocr_par ocr_line ocrx_word'/>
</head>
<body>
  <div class='ocr_page' id='page_1' title='image "./memoriaheusdii00rovegoog_0240.png"; bbox 0 0 2875 5075; ppageno 0'>
   <div class='ocr_carea' id='block_1_1' title="bbox 629 554 695 619">
    <p class='ocr_par' dir='ltr' id='par_1_1' title="bbox 629 554 695 619">
     <span class='ocr_line' id='line_1_1' title="bbox 629 554 695 619; baseline 0.03 -2"><span class='ocrx_word' id='word_1_1' title='bbox 629 554 695 619; x_wconf 78' lang='lat'><strong>229</strong></span> 
     </span>
    </p>
   </div>
   <div class='ocr_carea' id='block_1_2' title="bbox 73 726 1233 3791">
    <p class='ocr_par' dir='ltr' id='par_1_2' title="bbox 73 726 1233 3791">
     <span class='ocr_line' id='line_1_2' title="bbox 125 726 1174 817; baseline -0.002 -22"><span class='ocrx_word' id='word_1_2' title='bbox 125 728 385 817; x_wconf 51' lang='lat' dir='ltr'><strong>„reprehendunt</strong></span> <span class='ocrx_word' id='word_1_3' title='bbox 406 726 622 795; x_wconf 70' lang='lat' dir='ltr'><strong>ambitionem.</strong></span> <span class='ocrx_word' id='word_1_4' title='bbox 662 728 727 793; x_wconf 89' lang='lat' dir='ltr'><strong>Sed</strong></span> <span class='ocrx_word' id='word_1_5' title='bbox 749 726 937 792; x_wconf 80' lang='lat' dir='ltr'><strong>modestiam</strong></span> <span class='ocrx_word' id='word_1_6' title='bbox 957 726 1012 793; x_wconf 82' lang='lat' dir='ltr'><strong>bl&#39;c</strong></span> <span class='ocrx_word' id='word_1_7' title='bbox 1035 748 1074 793; x_wconf 86' lang='lat' dir='ltr'><strong>ne</strong></span> <span class='ocrx_word' id='word_1_8' title='bbox 1096 751 1174 795; x_wconf 92' lang='lat' dir='ltr'><strong>con·</strong></span> 
     </span>
     <span class='ocr_line' id='line_1_3' title="bbox 143 841 1173 926; baseline -0.002 -15"><span class='ocrx_word' id='word_1_9' title='bbox 143 845 312 911; x_wconf 80' lang='lat' dir='ltr'><strong>cludamus</strong></span> <span class='ocrx_word' id='word_1_10' title='bbox 331 843 519 908; x_wconf 86' lang='lat' dir='ltr'><strong>urbanitatis</strong></span> <span class='ocrx_word' id='word_1_11' title='bbox 533 842 670 922; x_wconf 90' lang='lat' dir='ltr'><strong>finibus,</strong></span> <span class='ocrx_word' id='word_1_12' title='bbox 694 852 793 906; x_wconf 86' lang='lat' dir='ltr'><strong>temet</strong></span> <span class='ocrx_word' id='word_1_13' title='bbox 809 843 913 926; x_wconf 90' lang='lat' dir='ltr'><strong>ipsum</strong></span> <span class='ocrx_word' id='word_1_14' title='bbox 931 844 964 905; x_wconf 94' lang='lat' dir='ltr'><strong>in</strong></span> <span class='ocrx_word' id='word_1_15' title='bbox 983 864 1039 906; x_wconf 88' lang='lat' dir='ltr'><strong>ore</strong></span> <span class='ocrx_word' id='word_1_16' title='bbox 1055 841 1173 909; x_wconf 86' lang='lat' dir='ltr'><strong>babere</strong></span> 
     </span>
     <span class='ocr_line' id='line_1_4' title="bbox 144 955 1172 1044; baseline 0 -23"><span class='ocrx_word' id='word_1_17' title='bbox 144 960 278 1023; x_wconf 85' lang='lat' dir='ltr'><strong>vetantis</strong></span> <span class='ocrx_word' id='word_1_18' title='bbox 310 978 507 1044; x_wconf 84' lang='lat' dir='ltr'><strong>magnosque</strong></span> <span class='ocrx_word' id='word_1_19' title='bbox 541 957 750 1041; x_wconf 81' lang='lat' dir='ltr'><strong>improbantis</strong></span> <span class='ocrx_word' id='word_1_20' title='bbox 782 955 822 1019; x_wconf 92' lang='lat' dir='ltr'><strong>de</strong></span> <span class='ocrx_word' id='word_1_21' title='bbox 854 957 991 1041; x_wconf 89' lang='lat' dir='ltr'><strong>propriis</strong></span> <span class='ocrx_word' id='word_1_22' title='bbox 1023 957 1172 1023; x_wconf 81' lang='lat' dir='ltr'><strong>laudibus</strong></span> 
     </span>
     <span class='ocr_line' id='line_1_5' title="bbox 143 1070 1173 1159; baseline -0.002 -23"><span class='ocrx_word' id='word_1_23' title='bbox 143 1074 329 1159; x_wconf 87' lang='lat' dir='ltr'><strong>meritisque</strong></span> <span class='ocrx_word' id='word_1_24' title='bbox 357 1072 520 1136; x_wconf 90' lang='lat' dir='ltr'><strong>clamores.</strong></span> <span class='ocrx_word' id='word_1_25' title='bbox 558 1072 645 1135; x_wconf 84' lang='lat' dir='ltr'><strong>llaec</strong></span> <span class='ocrx_word' id='word_1_26' title='bbox 666 1070 752 1134; x_wconf 91' lang='lat' dir='ltr'><strong>enim</strong></span> <span class='ocrx_word' id='word_1_27' title='bbox 773 1070 863 1155; x_wconf 83' lang='lat' dir='ltr'><strong>parvi</strong></span> <span class='ocrx_word' id='word_1_28' title='bbox 884 1071 999 1157; x_wconf 89' lang='lat' dir='ltr'><strong>utique</strong></span> <span class='ocrx_word' id='word_1_29' title='bbox 1019 1073 1173 1135; x_wconf 86' lang='lat' dir='ltr'><strong>momenti</strong></span> 
     </span>
     <span class='ocr_line' id='line_1_6' title="bbox 141 1184 1172 1270; baseline -0.002 -19"><span class='ocrx_word' id='word_1_30' title='bbox 141 1187 333 1251; x_wconf 77' lang='lat' dir='ltr'><strong>abstinentia</strong></span> <span class='ocrx_word' id='word_1_31' title='bbox 355 1196 419 1264; x_wconf 88' lang='lat' dir='ltr'><strong>est,</strong></span> <span class='ocrx_word' id='word_1_32' title='bbox 439 1184 506 1249; x_wconf 87' lang='lat' dir='ltr'><strong>nisi</strong></span> <span class='ocrx_word' id='word_1_33' title='bbox 528 1205 565 1247; x_wconf 82' lang='lat' dir='ltr'><strong>ex</strong></span> <span class='ocrx_word' id='word_1_34' title='bbox 585 1184 739 1249; x_wconf 85' lang='lat' dir='ltr'><strong>interiore</strong></span> <span class='ocrx_word' id='word_1_35' title='bbox 760 1196 868 1250; x_wconf 86' lang='lat' dir='ltr'><strong>manet</strong></span> <span class='ocrx_word' id='word_1_36' title='bbox 886 1184 934 1249; x_wconf 91' lang='lat' dir='ltr'><strong>tui</strong></span> <span class='ocrx_word' id='word_1_37' title='bbox 953 1184 1055 1269; x_wconf 85' lang='lat' dir='ltr'><strong>ipsius</strong></span> <span class='ocrx_word' id='word_1_38' title='bbox 1073 1195 1172 1270; x_wconf 82' lang='lat' dir='ltr'><strong>utque</strong></span> 
     </span>
     <span class='ocr_line' id='line_1_7' title="bbox 73 1297 1169 1386; baseline -0.002 -21"><span class='ocrx_word' id='word_1_39' title='bbox 73 1310 80 1325; x_wconf 92' lang='lat'>&#39;</span> <span class='ocrx_word' id='word_1_40' title='bbox 142 1300 278 1365; x_wconf 87' lang='lat' dir='ltr'><strong>hominis</strong></span> <span class='ocrx_word' id='word_1_41' title='bbox 296 1300 491 1386; x_wconf 86' lang='lat' dir='ltr'><strong>cognitione.</strong></span> <span class='ocrx_word' id='word_1_42' title='bbox 516 1297 637 1380; x_wconf 88' lang='lat' dir='ltr'><strong>Quodsi</strong></span> <span class='ocrx_word' id='word_1_43' title='bbox 655 1298 705 1360; x_wconf 66' lang='lat' dir='ltr'><strong>‘illi</strong></span> <span class='ocrx_word' id='word_1_44' title='bbox 727 1298 876 1361; x_wconf 88' lang='lat' dir='ltr'><strong>dubitent</strong></span> <span class='ocrx_word' id='word_1_45' title='bbox 898 1299 1024 1379; x_wconf 82' lang='lat' dir='ltr'><strong>tamen,</strong></span> <span class='ocrx_word' id='word_1_46' title='bbox 1050 1298 1169 1379; x_wconf 83' lang='lat' dir='ltr'><strong>sciant,</strong></span> 
     </span>
     <span class='ocr_line' id='line_1_8' title="bbox 141 1413 1172 1499; baseline -0.004 -19"><span class='ocrx_word' id='word_1_47' title='bbox 141 1416 227 1481; x_wconf 89' lang='lat' dir='ltr'><strong>idem</strong></span> <span class='ocrx_word' id='word_1_48' title='bbox 253 1437 286 1479; x_wconf 90' lang='lat' dir='ltr'><strong>se</strong></span> <span class='ocrx_word' id='word_1_49' title='bbox 311 1414 351 1478; x_wconf 90' lang='lat' dir='ltr'><strong>ab</strong></span> <span class='ocrx_word' id='word_1_50' title='bbox 376 1417 446 1499; x_wconf 88' lang='lat' dir='ltr'><strong>ipso</strong></span> <span class='ocrx_word' id='word_1_51' title='bbox 466 1414 606 1478; x_wconf 87' lang='lat' dir='ltr'><strong>lleusdio</strong></span> <span class='ocrx_word' id='word_1_52' title='bbox 625 1424 814 1499; x_wconf 88' lang='lat' dir='ltr'><strong>accepturos</strong></span> <span class='ocrx_word' id='word_1_53' title='bbox 834 1414 952 1492; x_wconf 87' lang='lat' dir='ltr'><strong>fuisse,</strong></span> <span class='ocrx_word' id='word_1_54' title='bbox 976 1414 1002 1477; x_wconf 92' lang='lat' dir='ltr'><strong>si</strong></span> <span class='ocrx_word' id='word_1_55' title='bbox 1024 1413 1172 1476; x_wconf 85' lang='lat' dir='ltr'><strong>brevissi·</strong></span> 
     </span>
     <span class='ocr_line' id='line_1_9' title="bbox 141 1528 1171 1613; baseline -0.003 -18"><span class='ocrx_word' id='word_1_56' title='bbox 141 1552 226 1595; x_wconf 88' lang='lat' dir='ltr'><strong>mam</strong></span> <span class='ocrx_word' id='word_1_57' title='bbox 243 1530 283 1594; x_wconf 88' lang='lat' dir='ltr'><strong>de</strong></span> <span class='ocrx_word' id='word_1_58' title='bbox 304 1532 364 1594; x_wconf 85' lang='lat' dir='ltr'><strong>nita</strong></span> <span class='ocrx_word' id='word_1_59' title='bbox 384 1536 438 1593; x_wconf 87' lang='lat' dir='ltr'><strong>sua</strong></span> <span class='ocrx_word' id='word_1_60' title='bbox 458 1529 670 1613; x_wconf 90' lang='lat' dir='ltr'><strong>Scriptionem</strong></span> <span class='ocrx_word' id='word_1_61' title='bbox 682 1528 845 1593; x_wconf 87' lang='lat' dir='ltr'><strong>elaborare</strong></span> <span class='ocrx_word' id='word_1_62' title='bbox 861 1528 1035 1612; x_wconf 89' lang='lat' dir='ltr'><strong>potuisset,</strong></span> <span class='ocrx_word' id='word_1_63' title='bbox 1055 1529 1090 1591; x_wconf 93' lang='lat' dir='ltr'><strong>in</strong></span> <span class='ocrx_word' id='word_1_64' title='bbox 1108 1550 1171 1613; x_wconf 85' lang='lat' dir='ltr'><strong>qua</strong></span> 
     </span>
     <span class='ocr_line' id='line_1_10' title="bbox 140 1641 1170 1729; baseline -0.003 -20"><span class='ocrx_word' id='word_1_65' title='bbox 140 1644 203 1709; x_wconf 90' lang='lat' dir='ltr'><strong>boc</strong></span> <span class='ocrx_word' id='word_1_66' title='bbox 220 1654 384 1729; x_wconf 85' lang='lat' dir='ltr'><strong>praeterea</strong></span> <span class='ocrx_word' id='word_1_67' title='bbox 404 1653 504 1707; x_wconf 81' lang='lat' dir='ltr'><strong>exstat</strong></span> <span class='ocrx_word' id='word_1_68' title='bbox 525 1642 733 1706; x_wconf 85' lang='lat' dir='ltr'><strong>memorabile</strong></span> <span class='ocrx_word' id='word_1_69' title='bbox 752 1641 901 1705; x_wconf 78' lang='lat' dir='ltr'><strong>effetum:</strong></span> <span class='ocrx_word' id='word_1_70' title='bbox 929 1652 1078 1706; x_wconf 85' lang='lat' dir='ltr'><strong>«tantum</strong></span> <span class='ocrx_word' id='word_1_71' title='bbox 1096 1664 1170 1728; x_wconf 79' lang='lat' dir='ltr'><strong>pro·</strong></span> 
     </span>
     <span class='ocr_line' id='line_1_11' title="bbox 139 1755 1170 1843; baseline -0.002 -20"><span class='ocrx_word' id='word_1_72' title='bbox 139 1761 226 1823; x_wconf 89' lang='lat' dir='ltr'><strong>l&#39;eoto</strong></span> <span class='ocrx_word' id='word_1_73' title='bbox 241 1759 330 1822; x_wconf 87' lang='lat' dir='ltr'><strong>abest</strong></span> <span class='ocrx_word' id='word_1_74' title='bbox 342 1806 350 1837; x_wconf 93' lang='lat'>,</span> <span class='ocrx_word' id='word_1_75' title='bbox 364 1769 400 1821; x_wconf 89' lang='lat' dir='ltr'><strong>ut</strong></span> <span class='ocrx_word' id='word_1_76' title='bbox 412 1806 421 1837; x_wconf 87' lang='lat'><strong>,</strong></span> <span class='ocrx_word' id='word_1_77' title='bbox 434 1778 517 1843; x_wconf 88' lang='lat' dir='ltr'><strong>quae</strong></span> <span class='ocrx_word' id='word_1_78' title='bbox 530 1756 638 1821; x_wconf 87' lang='lat' dir='ltr'><strong>multis</strong></span> <span class='ocrx_word' id='word_1_79' title='bbox 655 1757 779 1841; x_wconf 85' lang='lat' dir='ltr'><strong>placuit</strong></span> <span class='ocrx_word' id='word_1_80' title='bbox 789 1756 913 1841; x_wconf 87' lang='lat' dir='ltr'><strong>opinio,</strong></span> <span class='ocrx_word' id='word_1_81' title='bbox 927 1755 1081 1821; x_wconf 81' lang='lat' dir='ltr'><strong>modestia</strong></span> <span class='ocrx_word' id='word_1_82' title='bbox 1092 1757 1170 1821; x_wconf 91' lang='lat' dir='ltr'><strong>mibi</strong></span> 
     </span>
     <span class='ocr_line' id='line_1_12' title="bbox 140 1869 1170 1957; baseline -0.005 -18"><span class='ocrx_word' id='word_1_83' title='bbox 140 1874 256 1939; x_wconf 71' lang='lat' dir='ltr'><strong>natust</strong></span> <span class='ocrx_word' id='word_1_84' title='bbox 274 1874 314 1936; x_wconf 90' lang='lat' dir='ltr'><strong>sit</strong></span> <span class='ocrx_word' id='word_1_85' title='bbox 332 1872 502 1957; x_wconf 70' lang='lat' dir='ltr'><strong>propria.»</strong></span> <span class='ocrx_word' id='word_1_86' title='bbox 537 1871 669 1936; x_wconf 84' lang='lat' dir='ltr'><strong>Scilicet</strong></span> <span class='ocrx_word' id='word_1_87' title='bbox 686 1869 874 1934; x_wconf 84' lang='lat' dir='ltr'><strong>certandum</strong></span> <span class='ocrx_word' id='word_1_88' title='bbox 892 1872 961 1935; x_wconf 78' lang='lat' dir='ltr'><strong>viro</strong></span> <span class='ocrx_word' id='word_1_89' title='bbox 976 1892 1085 1936; x_wconf 86' lang='lat' dir='ltr'><strong>secum</strong></span> <span class='ocrx_word' id='word_1_90' title='bbox 1100 1873 1170 1955; x_wconf 92' lang='lat' dir='ltr'><strong>ipso</strong></span> 
     </span>
     <span class='ocr_line' id='line_1_13' title="bbox 140 1986 1170 2071; baseline -0.002 -20"><span class='ocrx_word' id='word_1_91' title='bbox 140 1989 220 2067; x_wconf 89' lang='lat' dir='ltr'><strong>luit,</strong></span> <span class='ocrx_word' id='word_1_92' title='bbox 253 1986 392 2052; x_wconf 90' lang='lat' dir='ltr'><strong>babebat</strong></span> <span class='ocrx_word' id='word_1_93' title='bbox 420 2006 504 2071; x_wconf 89' lang='lat' dir='ltr'><strong>quae</strong></span> <span class='ocrx_word' id='word_1_94' title='bbox 530 1996 770 2070; x_wconf 85' lang='lat' dir='ltr'><strong>compesceret,</strong></span> <span class='ocrx_word' id='word_1_95' title='bbox 804 2008 867 2049; x_wconf 92' lang='lat' dir='ltr'><strong>non</strong></span> <span class='ocrx_word' id='word_1_96' title='bbox 890 1986 1045 2051; x_wconf 88' lang='lat' dir='ltr'><strong>continuo</strong></span> <span class='ocrx_word' id='word_1_97' title='bbox 1072 1998 1170 2051; x_wconf 87' lang='lat' dir='ltr'><strong>semet</strong></span> 
     </span>
     <span class='ocr_line' id='line_1_14' title="bbox 94 2098 1170 2189; baseline -0.002 -24"><span class='ocrx_word' id='word_1_98' title='bbox 94 2102 96 2110; x_wconf 84' lang='lat'>&#39;</span> <span class='ocrx_word' id='word_1_99' title='bbox 139 2104 245 2189; x_wconf 87' lang='lat' dir='ltr'><strong>ipsum</strong></span> <span class='ocrx_word' id='word_1_100' title='bbox 264 2102 324 2165; x_wconf 92' lang='lat' dir='ltr'><strong>sibi</strong></span> <span class='ocrx_word' id='word_1_101' title='bbox 341 2098 478 2183; x_wconf 89' lang='lat' dir='ltr'><strong>subjecit</strong></span> <span class='ocrx_word' id='word_1_102' title='bbox 502 2099 612 2163; x_wconf 77' lang='lat' dir='ltr'><strong>autad</strong></span> <span class='ocrx_word' id='word_1_103' title='bbox 635 2101 793 2185; x_wconf 83' lang='lat' dir='ltr'><strong>integram</strong></span> <span class='ocrx_word' id='word_1_104' title='bbox 814 2122 905 2164; x_wconf 91' lang='lat' dir='ltr'><strong>suam</strong></span> <span class='ocrx_word' id='word_1_105' title='bbox 925 2101 1075 2163; x_wconf 84' lang='lat' dir='ltr'><strong>virtutem</strong></span> <span class='ocrx_word' id='word_1_106' title='bbox 1096 2122 1170 2185; x_wconf 90' lang='lat' dir='ltr'><strong>per-</strong></span> 
     </span>
     <span class='ocr_line' id='line_1_15' title="bbox 140 2213 1186 2307; baseline -0.002 -28"><span class='ocrx_word' id='word_1_107' title='bbox 140 2218 239 2281; x_wconf 76' lang='lat' dir='ltr'><strong>senit.</strong></span> <span class='ocrx_word' id='word_1_108' title='bbox 288 2215 380 2298; x_wconf 90' lang='lat' dir='ltr'><strong>Quod</strong></span> <span class='ocrx_word' id='word_1_109' title='bbox 408 2215 442 2277; x_wconf 93' lang='lat' dir='ltr'><strong>in</strong></span> <span class='ocrx_word' id='word_1_110' title='bbox 474 2214 638 2278; x_wconf 81' lang='lat' dir='ltr'><strong>Socratem</strong></span> <span class='ocrx_word' id='word_1_111' title='bbox 669 2213 853 2292; x_wconf 85' lang='lat' dir='ltr'><strong>transtulit,</strong></span> <span class='ocrx_word' id='word_1_112' title='bbox 888 2222 1056 2299; x_wconf 86' lang='lat' dir='ltr'><strong>urgentem</strong></span> <span class='ocrx_word' id='word_1_113' title='bbox 1086 2213 1186 2307; x_wconf 22' lang='lat' dir='ltr'><strong>illud!</strong></span> 
     </span>
     <span class='ocr_line' id='line_1_16' title="bbox 139 2318 1169 2414; baseline -0.001 -22"><span class='ocrx_word' id='word_1_114' title='bbox 139 2329 244 2413; x_wconf 71' lang='grc' dir='ltr'>γνῶθι</span> <span class='ocrx_word' id='word_1_115' title='bbox 260 2318 411 2407; x_wconf 80' lang='grc' dir='ltr'><em>σεαυτόν,</em></span> <span class='ocrx_word' id='word_1_116' title='bbox 438 2350 531 2414; x_wconf 87' lang='lat' dir='ltr'><strong>«quo</strong></span> <span class='ocrx_word' id='word_1_117' title='bbox 551 2328 622 2414; x_wconf 92' lang='lat' dir='ltr'><strong>quis</strong></span> <span class='ocrx_word' id='word_1_118' title='bbox 643 2329 743 2414; x_wconf 84' lang='lat' dir='ltr'><strong>magis</strong></span> <span class='ocrx_word' id='word_1_119' title='bbox 766 2331 890 2391; x_wconf 81' lang='lat' dir='ltr'><strong>certare</strong></span> <span class='ocrx_word' id='word_1_120' title='bbox 911 2348 985 2392; x_wconf 91' lang='lat' dir='ltr'><strong>cum</strong></span> <span class='ocrx_word' id='word_1_121' title='bbox 1006 2329 1169 2393; x_wconf 88' lang='lat' dir='ltr'><strong>erroribus</strong></span> 
     </span>
     <span class='ocr_line' id='line_1_17' title="bbox 138 2441 1168 2529; baseline 0.001 -24"><span class='ocrx_word' id='word_1_122' title='bbox 138 2446 205 2508; x_wconf 88' lang='lat' dir='ltr'><strong>suis</strong></span> <span class='ocrx_word' id='word_1_123' title='bbox 225 2441 338 2522; x_wconf 89' lang='lat' dir='ltr'><strong>debet,</strong></span> <span class='ocrx_word' id='word_1_124' title='bbox 363 2464 401 2507; x_wconf 88' lang='lat' dir='ltr'><strong>eo</strong></span> <span class='ocrx_word' id='word_1_125' title='bbox 421 2443 513 2507; x_wconf 90' lang='lat' dir='ltr'><strong>illum</strong></span> <span class='ocrx_word' id='word_1_126' title='bbox 534 2444 633 2529; x_wconf 83' lang='lat' dir='ltr'><strong>magis</strong></span> <span class='ocrx_word' id='word_1_127' title='bbox 652 2455 752 2507; x_wconf 89' lang='lat' dir='ltr'><strong>semet</strong></span> <span class='ocrx_word' id='word_1_128' title='bbox 768 2444 874 2527; x_wconf 92' lang='lat' dir='ltr'><strong>ipsum</strong></span> <span class='ocrx_word' id='word_1_129' title='bbox 890 2464 965 2506; x_wconf 89' lang='lat' dir='ltr'><strong>cum</strong></span> <span class='ocrx_word' id='word_1_130' title='bbox 983 2442 1168 2523; x_wconf 85' lang='lat' dir='ltr'><strong>attendere,</strong></span> 
     </span>
     <span class='ocr_line' id='line_1_18' title="bbox 140 2555 1170 2646; baseline 0 -24"><span class='ocrx_word' id='word_1_131' title='bbox 140 2570 208 2623; x_wconf 92' lang='lat' dir='ltr'><strong>tum</strong></span> <span class='ocrx_word' id='word_1_132' title='bbox 240 2559 430 2644; x_wconf 80' lang='lat' dir='ltr'><strong>explorare»</strong></span> <span class='ocrx_word' id='word_1_133' title='bbox 446 2555 471 2646; x_wconf 88' lang='lat'><strong>¹)</strong></span> <span class='ocrx_word' id='word_1_134' title='bbox 500 2559 533 2622; x_wconf 92' lang='lat' dir='ltr'><strong>id</strong></span> <span class='ocrx_word' id='word_1_135' title='bbox 563 2557 713 2644; x_wconf 88' lang='lat' dir='ltr'><strong>equidem</strong></span> <span class='ocrx_word' id='word_1_136' title='bbox 737 2557 863 2621; x_wconf 83' lang='lat' dir='ltr'><strong>fluxisse</strong></span> <span class='ocrx_word' id='word_1_137' title='bbox 890 2579 930 2621; x_wconf 80' lang='lat' dir='ltr'><strong>ex</strong></span> <span class='ocrx_word' id='word_1_138' title='bbox 958 2559 1070 2623; x_wconf 86' lang='lat' dir='ltr'><strong>intima</strong></span> <span class='ocrx_word' id='word_1_139' title='bbox 1093 2581 1170 2644; x_wconf 88' lang='lat' dir='ltr'><strong>per-</strong></span> 
     </span>
     <span class='ocr_line' id='line_1_19' title="bbox 139 2672 1169 2759; baseline -0.002 -21"><span class='ocrx_word' id='word_1_140' title='bbox 139 2675 286 2738; x_wconf 84' lang='lat' dir='ltr'><strong>suasione</strong></span> <span class='ocrx_word' id='word_1_141' title='bbox 311 2685 342 2738; x_wconf 91' lang='lat' dir='ltr'><strong>et</strong></span> <span class='ocrx_word' id='word_1_142' title='bbox 367 2674 563 2759; x_wconf 80' lang='lat' dir='ltr'><strong>experientia</strong></span> <span class='ocrx_word' id='word_1_143' title='bbox 588 2674 737 2737; x_wconf 86' lang='lat' dir='ltr'><strong>arbitror.</strong></span> <span class='ocrx_word' id='word_1_144' title='bbox 774 2672 836 2736; x_wconf 89' lang='lat' dir='ltr'><strong>Sed</strong></span> <span class='ocrx_word' id='word_1_145' title='bbox 859 2673 925 2735; x_wconf 87' lang='lat' dir='ltr'><strong>reri</strong></span> <span class='ocrx_word' id='word_1_146' title='bbox 946 2695 1054 2738; x_wconf 87' lang='lat' dir='ltr'><strong>amore</strong></span> <span class='ocrx_word' id='word_1_147' title='bbox 1074 2673 1169 2737; x_wconf 89' lang='lat' dir='ltr'><strong>robo-</strong></span> 
     </span>
     <span class='ocr_line' id='line_1_20' title="bbox 139 2787 1169 2874; baseline 0 -22"><span class='ocrx_word' id='word_1_148' title='bbox 139 2801 231 2867; x_wconf 89' lang='lat' dir='ltr'><strong>rato,</strong></span> <span class='ocrx_word' id='word_1_149' title='bbox 254 2788 412 2853; x_wconf 86' lang='lat' dir='ltr'><strong>Heusdius</strong></span> <span class='ocrx_word' id='word_1_150' title='bbox 431 2787 612 2852; x_wconf 85' lang='lat' dir='ltr'><strong>ambitionis</strong></span> <span class='ocrx_word' id='word_1_151' title='bbox 634 2789 802 2852; x_wconf 79' lang='lat' dir='ltr'><strong>vanitatem</strong></span> <span class='ocrx_word' id='word_1_152' title='bbox 823 2787 1077 2873; x_wconf 80' lang='lat' dir='ltr'><strong>atqueineptias</strong></span> <span class='ocrx_word' id='word_1_153' title='bbox 1095 2811 1169 2874; x_wconf 88' lang='lat' dir='ltr'><strong>per-</strong></span> 
     </span>
     <span class='ocr_line' id='line_1_21' title="bbox 138 2903 1170 2988; baseline 0 -22"><span class='ocrx_word' id='word_1_154' title='bbox 138 2903 261 2988; x_wconf 81' lang='lat' dir='ltr'><strong>spexit3</strong></span> <span class='ocrx_word' id='word_1_155' title='bbox 291 2905 325 2966; x_wconf 92' lang='lat' dir='ltr'><strong>in</strong></span> <span class='ocrx_word' id='word_1_156' title='bbox 355 2906 484 2987; x_wconf 84' lang='lat' dir='ltr'><strong>seipse</strong></span> <span class='ocrx_word' id='word_1_157' title='bbox 511 2913 667 2987; x_wconf 92' lang='lat' dir='ltr'><strong>perpetuo</strong></span> <span class='ocrx_word' id='word_1_158' title='bbox 696 2903 846 2981; x_wconf 84' lang='lat' dir='ltr'><strong>intuens,</strong></span> <span class='ocrx_word' id='word_1_159' title='bbox 878 2912 949 2965; x_wconf 81' lang='lat' dir='ltr'><strong>eom</strong></span> <span class='ocrx_word' id='word_1_160' title='bbox 980 2914 1091 2966; x_wconf 85' lang='lat' dir='ltr'><strong>nactus</strong></span> <span class='ocrx_word' id='word_1_161' title='bbox 1121 2913 1170 2966; x_wconf 85' lang='lat' dir='ltr'><strong>est</strong></span> 
     </span>
     <span class='ocr_line' id='line_1_22' title="bbox 137 3015 1168 3104; baseline 0.004 -26"><span class='ocrx_word' id='word_1_162' title='bbox 137 3018 254 3082; x_wconf 78' lang='lat' dir='ltr'><strong>sirium</strong></span> <span class='ocrx_word' id='word_1_163' title='bbox 272 3017 519 3097; x_wconf 87' lang='lat' dir='ltr'><strong>conscientiam,</strong></span> <span class='ocrx_word' id='word_1_164' title='bbox 538 3038 622 3104; x_wconf 88' lang='lat' dir='ltr'><strong>quae</strong></span> <span class='ocrx_word' id='word_1_165' title='bbox 641 3016 805 3080; x_wconf 87' lang='lat' dir='ltr'><strong>bominem</strong></span> <span class='ocrx_word' id='word_1_166' title='bbox 821 3015 1038 3080; x_wconf 82' lang='lat' dir='ltr'><strong>vehementius</strong></span> <span class='ocrx_word' id='word_1_167' title='bbox 1054 3017 1168 3082; x_wconf 82' lang='lat' dir='ltr'><strong>incitat</strong></span> 
     </span>
     <span class='ocr_line' id='line_1_23' title="bbox 89 3127 1164 3218; baseline -0.003 -22"><span class='ocrx_word' id='word_1_168' title='bbox 89 3135 91 3138; x_wconf 78' lang='grc'><strong>’</strong></span> <span class='ocrx_word' id='word_1_169' title='bbox 137 3132 177 3196; x_wconf 92' lang='lat' dir='ltr'><strong>ad</strong></span> <span class='ocrx_word' id='word_1_170' title='bbox 207 3132 390 3217; x_wconf 84' lang='lat' dir='ltr'><strong>praeclara,</strong></span> <span class='ocrx_word' id='word_1_171' title='bbox 426 3152 523 3218; x_wconf 88' lang='lat' dir='ltr'><strong>quam</strong></span> <span class='ocrx_word' id='word_1_172' title='bbox 550 3131 632 3194; x_wconf 92' lang='lat' dir='ltr'><strong>hene</strong></span> <span class='ocrx_word' id='word_1_173' title='bbox 660 3132 756 3215; x_wconf 84' lang='lat' dir='ltr'><strong>gestis</strong></span> <span class='ocrx_word' id='word_1_174' title='bbox 782 3130 923 3194; x_wconf 83' lang='lat' dir='ltr'><strong>delectat</strong></span> <span class='ocrx_word' id='word_1_175' title='bbox 953 3141 985 3192; x_wconf 86' lang='lat' dir='ltr'><strong>et</strong></span> <span class='ocrx_word' id='word_1_176' title='bbox 1008 3127 1164 3218; x_wconf 75' lang='lat' dir='ltr'><strong>pascit32)</strong></span> 
     </span>
     <span class='ocr_line' id='line_1_24' title="bbox 138 3243 1166 3328; baseline -0.002 -18"><span class='ocrx_word' id='word_1_177' title='bbox 138 3247 279 3312; x_wconf 73' lang='lat' dir='ltr'><strong>exinob</strong></span> <span class='ocrx_word' id='word_1_178' title='bbox 304 3247 374 3310; x_wconf 88' lang='lat' dir='ltr'><strong>aliis</strong></span> <span class='ocrx_word' id='word_1_179' title='bbox 398 3245 565 3324; x_wconf 88' lang='lat' dir='ltr'><strong>laudatus,</strong></span> <span class='ocrx_word' id='word_1_180' title='bbox 597 3245 658 3308; x_wconf 87' lang='lat' dir='ltr'><strong>sibi</strong></span> <span class='ocrx_word' id='word_1_181' title='bbox 685 3265 780 3328; x_wconf 83' lang='lat' dir='ltr'><strong>saepe</strong></span> <span class='ocrx_word' id='word_1_182' title='bbox 806 3243 934 3327; x_wconf 74' lang='lat' dir='ltr'><strong>placere</strong></span> <span class='ocrx_word' id='word_1_183' title='bbox 960 3243 1166 3308; x_wconf 92' lang='lat' dir='ltr'><strong>nullomodo</strong></span> 
     </span>
     <span class='ocr_line' id='line_1_25' title="bbox 137 3358 1168 3447; baseline -0.005 -21"><span class='ocrx_word' id='word_1_184' title='bbox 137 3362 261 3447; x_wconf 91' lang='lat' dir='ltr'><strong>potuit,</strong></span> <span class='ocrx_word' id='word_1_185' title='bbox 297 3371 328 3424; x_wconf 89' lang='lat' dir='ltr'><strong>et</strong></span> <span class='ocrx_word' id='word_1_186' title='bbox 354 3360 434 3426; x_wconf 86' lang='lat' dir='ltr'><strong>adeo</strong></span> <span class='ocrx_word' id='word_1_187' title='bbox 462 3381 525 3425; x_wconf 93' lang='lat' dir='ltr'><strong>non</strong></span> <span class='ocrx_word' id='word_1_188' title='bbox 560 3358 670 3424; x_wconf 87' lang='lat' dir='ltr'><strong>laudes</strong></span> <span class='ocrx_word' id='word_1_189' title='bbox 697 3369 729 3422; x_wconf 87' lang='lat' dir='ltr'><strong>et</strong></span> <span class='ocrx_word' id='word_1_190' title='bbox 755 3358 889 3444; x_wconf 84' lang='lat' dir='ltr'><strong>gloriam</strong></span> <span class='ocrx_word' id='word_1_191' title='bbox 915 3358 1089 3444; x_wconf 80' lang='lat' dir='ltr'><strong>quaesivit,</strong></span> <span class='ocrx_word' id='word_1_192' title='bbox 1115 3380 1168 3422; x_wconf 91' lang='lat' dir='ltr'><strong>eas</strong></span> 
     </span>
     <span class='ocr_line' id='line_1_26' title="bbox 138 3471 1168 3561; baseline -0.004 -22"><span class='ocrx_word' id='word_1_193' title='bbox 138 3485 195 3555; x_wconf 91' lang='lat' dir='ltr'><strong>ut,</strong></span> <span class='ocrx_word' id='word_1_194' title='bbox 220 3477 246 3539; x_wconf 88' lang='lat' dir='ltr'><strong>si</strong></span> <span class='ocrx_word' id='word_1_195' title='bbox 273 3487 398 3561; x_wconf 88' lang='lat' dir='ltr'><strong>posset,</strong></span> <span class='ocrx_word' id='word_1_196' title='bbox 423 3473 600 3560; x_wconf 86' lang='lat' dir='ltr'><strong>effugeret,</strong></span> <span class='ocrx_word' id='word_1_197' title='bbox 623 3471 731 3557; x_wconf 88' lang='lat' dir='ltr'><strong>deque</strong></span> <span class='ocrx_word' id='word_1_198' title='bbox 752 3473 845 3536; x_wconf 88' lang='lat' dir='ltr'><strong>iis-in</strong></span> <span class='ocrx_word' id='word_1_199' title='bbox 865 3473 942 3537; x_wconf 86' lang='lat' dir='ltr'><strong>alios</strong></span> <span class='ocrx_word' id='word_1_200' title='bbox 965 3471 1168 3537; x_wconf 77' lang='lat' dir='ltr'><strong>conferendis</strong></span> 
     </span>
     <span class='ocr_line' id='line_1_27' title="bbox 86 3574 1233 3678; baseline -0.003 -24"><span class='ocrx_word' id='word_1_201' title='bbox 86 3669 89 3678; x_wconf 30' lang='grc' dir='ltr'>Ι</span> <span class='ocrx_word' id='word_1_202' title='bbox 136 3603 251 3654; x_wconf 87' lang='lat' dir='ltr'><strong>auctor</strong></span> <span class='ocrx_word' id='word_1_203' title='bbox 274 3585 448 3656; x_wconf 78' lang='lat' dir='ltr'><strong>exsisteret.</strong></span> <span class='ocrx_word' id='word_1_204' title='bbox 489 3588 585 3671; x_wconf 84' lang='lat' dir='ltr'><strong>Cujus</strong></span> <span class='ocrx_word' id='word_1_205' title='bbox 615 3587 670 3651; x_wconf 83' lang='lat' dir='ltr'><strong>rei·</strong></span> <span class='ocrx_word' id='word_1_206' title='bbox 684 3586 865 3672; x_wconf 82' lang='lat' dir='ltr'><strong>exemplum</strong></span> <span class='ocrx_word' id='word_1_207' title='bbox 882 3587 1011 3651; x_wconf 83' lang='lat' dir='ltr'><strong>afferam</strong></span> <span class='ocrx_word' id='word_1_208' title='bbox 1032 3589 1165 3674; x_wconf 84' lang='lat' dir='ltr'><strong>cognitu</strong></span> <span class='ocrx_word' id='word_1_209' title='bbox 1229 3574 1233 3580; x_wconf 38' lang='lat'>¹</span> 
     </span>
     <span class='ocr_line' id='line_1_28' title="bbox 136 3699 1166 3791; baseline -0.002 -23"><span class='ocrx_word' id='word_1_210' title='bbox 136 3703 282 3791; x_wconf 81' lang='lat' dir='ltr'><strong>dignum.</strong></span> <span class='ocrx_word' id='word_1_211' title='bbox 315 3706 407 3770; x_wconf 81' lang='lat' dir='ltr'><strong>Auno</strong></span> <span class='ocrx_word' id='word_1_212' title='bbox 434 3705 518 3770; x_wconf 77' lang='lat'>1828</span> <span class='ocrx_word' id='word_1_213' title='bbox 542 3701 682 3766; x_wconf 86' lang='lat' dir='ltr'><strong>Societas</strong></span> <span class='ocrx_word' id='word_1_214' title='bbox 700 3701 903 3786; x_wconf 66' lang='lat' dir='ltr'><strong>Litcrarum</strong></span> <span class='ocrx_word' id='word_1_215' title='bbox 920 3699 1166 3784; x_wconf 78' lang='lat' dir='ltr'><strong>Neorlandicu·</strong></span> 
     </span>
    </p>
   </div>
   <div class='ocr_carea' id='block_1_3' title="bbox 135 4039 1170 4364">
    <p class='ocr_par' dir='ltr' id='par_1_3' title="bbox 149 4039 801 4105">
     <span class='ocr_line' id='line_1_29' title="bbox 149 4039 801 4105; baseline -0.002 -16"><span class='ocrx_word' id='word_1_216' title='bbox 149 4097 151 4102; x_wconf 71' lang='lat'><strong>.</strong></span> <span class='ocrx_word' id='word_1_217' title='bbox 172 4039 198 4103; x_wconf 86' lang='lat'><strong>1)</strong></span> <span class='ocrx_word' id='word_1_218' title='bbox 219 4042 337 4090; x_wconf 80' lang='lat' dir='ltr'><strong>Clsurnot.</strong></span> <span class='ocrx_word' id='word_1_219' title='bbox 353 4041 438 4104; x_wconf 77' lang='lat' dir='ltr'><strong>princ.</strong></span> <span class='ocrx_word' id='word_1_220' title='bbox 458 4039 529 4088; x_wconf 81' lang='lat' dir='ltr'><strong>Plts&#39;l.</strong></span> <span class='ocrx_word' id='word_1_221' title='bbox 550 4048 598 4090; x_wconf 83' lang='lat' dir='ltr'><strong>oet.</strong></span> <span class='ocrx_word' id='word_1_222' title='bbox 621 4057 644 4105; x_wconf 94' lang='lat' dir='ltr'><strong>p.</strong></span> <span class='ocrx_word' id='word_1_223' title='bbox 664 4039 705 4089; x_wconf 82' lang='lat'><strong>30.</strong></span> <span class='ocrx_word' id='word_1_224' title='bbox 799 4046 801 4049; x_wconf 85' lang='lat'>&#39;</span> 
     </span>
    </p>

    <p class='ocr_par' dir='ltr' id='par_1_4' title="bbox 135 4121 1170 4364">
     <span class='ocr_line' id='line_1_30' title="bbox 143 4121 1166 4191; baseline -0.001 -17"><span class='ocrx_word' id='word_1_225' title='bbox 143 4151 145 4156; x_wconf 96' lang='lat'>·</span> <span class='ocrx_word' id='word_1_226' title='bbox 170 4123 197 4190; x_wconf 77' lang='lat'><strong>2)</strong></span> <span class='ocrx_word' id='word_1_227' title='bbox 215 4128 271 4175; x_wconf 87' lang='lat' dir='ltr'><strong>lluc</strong></span> <span class='ocrx_word' id='word_1_228' title='bbox 289 4125 403 4191; x_wconf 83' lang='lat' dir='ltr'><strong>pertinet</strong></span> <span class='ocrx_word' id='word_1_229' title='bbox 420 4126 581 4188; x_wconf 65' lang='lat' dir='ltr'><strong>gravissimus</strong></span> <span class='ocrx_word' id='word_1_230' title='bbox 606 4127 744 4175; x_wconf 76' lang='lat' dir='ltr'><strong>Initiorum</strong></span> <span class='ocrx_word' id='word_1_231' title='bbox 766 4127 839 4174; x_wconf 83' lang='lat' dir='ltr'><strong>loeus</strong></span> <span class='ocrx_word' id='word_1_232' title='bbox 856 4127 896 4188; x_wconf 88' lang='lat' dir='ltr'><strong>ll,</strong></span> <span class='ocrx_word' id='word_1_233' title='bbox 914 4123 945 4188; x_wconf 82' lang='grc'><strong>3,</strong></span> <span class='ocrx_word' id='word_1_234' title='bbox 964 4121 1115 4186; x_wconf 73' lang='lat' dir='ltr'><strong>tue-2³0,</strong></span> <span class='ocrx_word' id='word_1_235' title='bbox 1133 4125 1166 4173; x_wconf 78' lang='lat' dir='ltr'><strong>do</strong></span> 
     </span>
     <span class='ocr_line' id='line_1_31' title="bbox 135 4211 1170 4275; baseline -0.001 -16"><span class='ocrx_word' id='word_1_236' title='bbox 135 4211 261 4260; x_wconf 75' lang='lat' dir='ltr'><strong>modestia</strong></span> <span class='ocrx_word' id='word_1_237' title='bbox 276 4211 441 4275; x_wconf 64' lang='lat' dir='ltr'><strong>philosophi,</strong></span> <span class='ocrx_word' id='word_1_238' title='bbox 467 4225 523 4259; x_wconf 83' lang='lat' dir='ltr'><strong>cum</strong></span> <span class='ocrx_word' id='word_1_239' title='bbox 547 4227 623 4261; x_wconf 78' lang='lat' dir='ltr'><strong>sensu</strong></span> <span class='ocrx_word' id='word_1_240' title='bbox 637 4213 784 4274; x_wconf 78' lang='lat' dir='ltr'><strong>facultatis</strong></span> <span class='ocrx_word' id='word_1_241' title='bbox 804 4213 1022 4259; x_wconf 67' lang='lat' dir='ltr'><strong>maimonem</strong></span> <span class='ocrx_word' id='word_1_242' title='bbox 1039 4212 1170 4260; x_wconf 65' lang='lat' dir='ltr'><strong>meisse-</strong></span> 
     </span>
     <span class='ocr_line' id='line_1_32' title="bbox 135 4296 598 4364; baseline 0.002 -20"><span class='ocrx_word' id='word_1_243' title='bbox 135 4313 241 4361; x_wconf 77' lang='lat' dir='ltr'><strong>rumque</strong></span> <span class='ocrx_word' id='word_1_244' title='bbox 258 4312 343 4346; x_wconf 76' lang='lat' dir='ltr'><strong>rerum</strong></span> <span class='ocrx_word' id='word_1_245' title='bbox 356 4296 443 4346; x_wconf 71' lang='lat' dir='ltr'><strong>teredio</strong></span> <span class='ocrx_word' id='word_1_246' title='bbox 457 4297 598 4364; x_wconf 76' lang='lat' dir='ltr'><strong>conjuncto.</strong></span> 
     </span>
    </p>
   </div>
   <div class='ocr_carea' id='block_1_4' title="bbox 0 0 1442 5075">
    <p class='ocr_par' dir='ltr' id='par_1_5' title="bbox 0 0 1442 5075">
     <span class='ocr_line' id='line_1_33' title="bbox 0 0 1442 5075; baseline 0 2"><span class='ocrx_word' id='word_1_247' title='bbox 0 0 1442 5075; x_wconf 95' lang='lat' dir='ltr'><strong> </strong></span> 
     </span>
    </p>
   </div>
  </div>
 </body>
</html>
